3446 5380
1336 545 1397 612 ιιι
1436 621 1440 634 ,

264 723 323 789 sed
346 723 409 786 hoc
430 743 491 808 per
513 743 549 786 sc
571 743 636 786 nou
657 723 738 786 satis
760 728 829 802 est,
859 731 896 785 ut
917 722 1054 786 alterum
1075 718 1210 786 alterius
1232 725 1399 784 auctorem

136 911 140 918 ⁴
263 855 466 919 usurpemus.

349 944 456 1010 Huius
482 947 583 1031 igitur
605 943 834 1030 disputationis
857 944 952 1028 quasi
979 943 1106 1009 fruchrs
1135 944 1182 1008 ita
1207 941 1400 1008 brevissime

264 1057 478 1144 colliguntur:

351 1171 377 1232 1.
401 1169 574 1254 Pomponii
595 1167 637 1232 de
660 1174 838 1250 quaestura
859 1167 962 1234 verba
983 1188 1056 1232 cum
1078 1165 1236 1232 Varronis
1257 1172 1315 1230 ant
1330 1163 1400 1231 Ta-

262 1277 420 1344 ettilonis
442 1277 531 1343 nullo
554 1285 652 1363 pacto
676 1278 842 1344 conciliari
863 1286 1010 1363 possunt.

353 1392 381 1452 2.
403 1390 621 1473 Pomponium
639 1409 730 1456 suam
742 1387 785 1452 de
804 1397 981 1472 quaestura
992 1390 1210 1456 narrationem
1222 1409 1240 1452 s
1251 1387 1400 1456 Varrone

261 1502 440 1586 sumpsisse
462 1521 524 1586 pro
545 1508 636 1566 certo
659 1499 841 1586 negandum
867 1507 925 1566 est

347 1613 375 1677 3.
399 1597 548 1678 Tacitum
581 1633 672 1677 suam
702 1619 898 1696 quaesturae
920 1607 1087 1676 historiam
1110 1609 1250 1675 Varroni
1276 1608 1399 1676 debere

261 1725 420 1809 suspicari
440 1724 571 1810 quidem
594 1724 688 1805 licet,
711 1723 771 1789 sed
794 1722 916 1789 diserte
939 1724 1123 1788 confirmari
1144 1745 1209 1788 non
1229 1730 1349 1808 potest

345 2166 502 2244 Quamvis
524 2167 623 2249 igitur
643 2172 771 2250 gratum
793 2173 893 2249 atque
915 2172 1087 2250 acceptum
1110 2172 1199 2228 esset
1221 2170 1398 2244 auctorem,

261 2299 357 2363 quem
379 2275 514 2340 Tacitus
545 2295 617 2340 cum
640 2275 682 2340 de
704 2283 881 2360 quaestura
907 2275 1065 2341 scriberet
1095 2284 1227 2340 secutus
1256 2277 1315 2357 sit,
1344 2276 1398 2338 in-

259 2390 390 2454 venisse
414 2387 612 2466 Varronem,
644 2396 754 2452 tamen
784 2387 931 2468 candidi,
944 2388 1060 2452 iudicis
1092 2407 1165 2452 esse
1195 2387 1336 2450 arbitror
1363 2385 1397 2451 id

260 2485 513 2585 potius'negare
536 2520 633 2582 quarn
655 2498 829 2562 affirmare.
870 2499 1044 2582 Reliquiae
1067 2500 1150 2563 cuim
1174 2496 1397 2562 Varronianae

259 2631 325 2674 non
346 2610 507 2694 praebent
528 2630 640 2674 ansam
663 2611 742 2674 satis
764 2611 891 2673 firmam
914 2609 1058 2674 atillam
1082 2610 1266 2694 opinionem
1289 2608 1398 2674 sobrie

258 2721 483 2787 defendamus.
527 2713 586 2787 Sin
616 2722 689 2805 quis
719 2741 758 2786 eo
785 2721 972 2806 confugerit
1000 2729 1036 2785 ut
1064 2721 1214 2786 Tacitum
1244 2741 1289 2784 ex
1320 2720 1397 2785 dc-

256 2832 445 2918 perditis
470 2830 626 2896 Varronis
647 2830 739 2897 libris
762 2832 911 2897 hausisse
940 2840 1126 2915 asseveret,
1160 2851 1278 2896 vereor
1300 2852 1341 2898 ne
1363 2833 1397 2896 in
1482 2875 1484 2878 -

258 2944 389 3009 dumeta
411 2943 590 3029 abripiatur
618 2942 704 3008 unde
727 2946 869 3030 vestigia
892 2953 1069 3010 retrorsum
1091 2946 1274 3029 spectantia
1296 2963 1396 3030 aegre

133 3052 136 3057 ’
257 3057 410 3121 inveniat.

343 3169 427 3234 Sunt
450 3168 581 3253 quidem
604 3191 669 3233 non
692 3171 738 3233 ita
760 3170 857 3254 pauci
879 3169 1071 3234 recentioris
1085 3169 1203 3233 aetatis
1220 3168 1282 3231 viri
1297 3167 1396 3249 docti,

258 3283 314 3366 qui
336 3302 409 3346 cum
432 3290 580 3346 nostrum
602 3284 794 3367 scriptorem
816 3282 850 3344 in
871 3301 925 3346 res
939 3284 1090 3365 antiquas
1109 3303 1173 3345 non
1191 3283 1297 3366 ipsum
1315 3301 1396 3365 pro-

256 3396 329 3480 prio
350 3393 459 3458 studio
480 3395 690 3477 inquisivisse
712 3392 772 3460 sed
795 3415 905 3459 aarum
923 3397 1069 3460 notitiam
1085 3414 1129 3460 ex
1145 3394 1298 3480 proximo
1310 3413 1396 3477 quo-

258 3526 322 3590 quc
358 3509 588 3591 antiquitatum
621 3504 814 3592 compendio
850 3505 914 3571 sibi
950 3527 1158 3592 comparasse
1198 3509 1396 3590 existiment,

256 3617 377 3682 nullam
399 3619 471 3684 fere
483 3618 589 3684 Taciti
611 3618 805 3684 excursibus
826 3617 926 3684 iidem
947 3617 1100 3684 habeant.
1131 3618 1179 3684 At
1201 3627 1290 3686 certe
1312 3639 1397 3703 quae

257 3729 299 3794 de
321 3739 499 3815 quaestura
520 3730 608 3816 apud
639 3752 713 3795 cum
742 3731 881 3820 legimus
912 3753 954 3796 ex
985 3735 1168 3817 antiquiore
1200 3734 1397 3818 purioraque

256 3843 349 3906 fonte
364 3862 460 3924 quam
477 3851 660 3908 ceterorum
676 3847 872 3928 scriptorum
888 3847 1029 3910 omniurn
1043 3847 1244 3910 narrationes
1261 3841 1396 3909 fluxisse

256 3952 350 4019 nobis
371 3974 565 4038 persuasum
589 3963 647 4020 est
692 3953 760 4022 Sed
783 3957 840 4040 qni
861 3956 960 4021 fuerit
981 3956 1037 4021 ille
1058 3956 1149 4037 fons,
1172 3958 1236 4020 iam
1258 3976 1323 4020 nou
1344 3957 1397 4021 in-

257 4065 371 4151 dagari
392 4086 493 4151 posse
514 4075 676 4152 putamus.

342 4177 461 4263 Neque
483 4187 592 4244 tamen
615 4183 808 4246 sententiam
830 4189 898 4246 tam
922 4181 1117 4247 obstinatum
1135 4181 1397 4266 offirmatamque

256 4297 353 4354 teneo
377 4293 472 4373 quin,
496 4292 524 4355 si
546 4294 734 4356 continuata
756 4293 818 4358 hac
839 4314 913 4357 mea
936 4295 1127 4377 quaestione
1149 4295 1342 4379 praesertim
1363 4295 1397 4358 in

256 4402 296 4466 iis
319 4422 405 4485 quac
427 4400 469 4466 ad
493 4403 617 4468 culturi!
640 4405 941 4489 humanitatemque
966 4407 1133 4491 pertinent
1161 4405 1285 4490 aliquid
1314 4408 1398 4470 certi

255 4514 434 4576 invenerim
462 4513 517 4578 vel
549 4514 605 4578 alii
632 4515 779 4581 homiues
811 4515 931 4581 eruditi
959 4515 1095 4581 meliora
1127 4537 1180 4581 me
1216 4516 1396 4600 docuerint,
