3484 5374
350 480 393 545 58

352 674 424 718 cum
447 655 563 719 Tacito
586 656 634 738 (o
658 656 728 734 20.)
758 657 908 741 congruit
930 653 1112 720 Germanos
1142 663 1317 737 antequam
1347 652 1490 737 puberes

268 759 273 768 ’
351 767 416 830 sint
438 769 579 830 maxime
602 768 727 852 frigora
749 763 853 831 nudos
876 789 976 853 agere
999 765 1076 850 (III,
1098 767 1151 846 3.).

394 872 400 882 ’
438 878 526 942 Turn
543 897 628 962 quae
651 877 692 942 de
716 878 992 960 mercennario
1013 877 1101 962 apud
1113 877 1267 942 Tacitum
1285 879 1491 963 reperiuntur

354 996 396 1055 to.
424 991 502 1070 16),
531 1011 699 1075 compares
723 992 820 1054 velim
843 1013 916 1054 oum
939 989 1089 1055 Strabone
1119 989 1209 1072 (Vll,
1234 992 1263 1070 1,
1286 991 1315 1054 3.
1337 1011 1370 1074 p.
1392 987 1491 1068 aaa),

353 1105 409 1187 qui
432 1101 614 1167 Germanos
636 1100 671 1166 ἐν
692 1101 865 1184 eeleritate
887 1102 1008 1188 degere
1031 1083 1157 1183 narrat,
1190 1110 1223 1165 et
1245 1101 1347 1164 Plinio
1371 1101 1425 1182 (N.
1448 1101 1490 1165 H.

352 1214 461 1294 XIX,
485 1215 546 1296 9.),
577 1218 633 1298 qui
662 1215 703 1278 de
737 1215 793 1279 lini
816 1215 951 1278 texendi
972 1229 1043 1278 arte
1060 1214 1231 1278 disserens
1255 1215 1336 1278 haec
1358 1213 1491 1278 scribit:

355 1325 412 1408 „In
434 1325 611 1390 Germania
634 1325 758 1390 defossi
780 1337 880 1410 atque
903 1326 964 1391 sub
988 1335 1076 1390 terra
1098 1327 1129 1389 id
1153 1349 1235 1412 opus
1254 1329 1383 1416 agunt.“
1409 1325 1490 1390 Cum

353 1447 461 1502 autem
492 1438 626 1504 Tacitus
659 1439 764 1504 nullas
794 1439 1030 1503 Germanorum
1059 1439 1188 1523 populis
1222 1438 1319 1503 urbes
1353 1437 1493 1501 habitari

354 1553 434 1615 satis
457 1559 568 1616 notum
599 1571 673 1616 esse
701 1559 886 1633 asseverat,
909 1549 1074 1615 Romanas
1105 1558 1193 1615 certe
1217 1549 1331 1630 urbes,
1354 1538 1492 1633 quibus·

355 1683 427 1726 cum
451 1661 687 1728 Germanorum
711 1662 808 1728 sedes
830 1664 980 1747 profecto
1004 1664 1145 1727 conferri
1167 1662 1257 1726 nullo
1275 1669 1373 1746 pacto
1395 1667 1492 1746 pot'e-

354 1782 443 1853 rant,
474 1777 506 1837 in
529 1785 638 1839 mente
661 1776 777 1856 habet,
808 1774 1001 1858 neque-sihi
1024 1773 1232 1854 contradicit,
1263 1795 1336 1837 cum
1358 1772 1443 1850 Ann.
1466 1772 1492 1852 I,

356 1885 406 1948 56.
442 1885 593 1949 Mettium
628 1885 819 1951 Chattorum
855 1895 953 1970 caput
979 1890 1138 1966 nominat,
1173 1905 1280 1969 neque
1303 1907 1322 1949 a
1348 1883 1493 1963 Caesare,

355 1997 444 2082 apud
466 2019 563 2080 quem
586 1998 707 2083 oppida
729 1997 911 2064 Sueborum
934 1999 984 2077 (Β.
1008 1997 1047 2065 G.
1071 1999 1128 2079 IV,
1155 1998 1229 2082 le),
1253 1997 1375 2082 oppida
1385 1996 1494 2060 Ubio-

355 2129 425 2171 rum
450 2108 522 2190 (VI,
548 2111 612 2190 10.)
635 2119 804 2192 vocantur,
827 2110 995 2174 refellitur.
1030 2109 1167 2189 Qualem
1190 2112 1332 2195 speciem
1353 2109 1410 2172 illa
1433 2127 1494 2192 op-

355 2219 433 2305 pida
455 2221 508 2284 vel
531 2223 594 2286 vici
617 2221 830 2306 aedificiaque
854 2221 1105 2306 Sugambrorum
1130 2221 1233 2304 (does.
1252 2223 1288 2285 B.
1302 2221 1341 2286 G.
1357 2219 1417 2301 IV,
1431 2219 1494 2300 19.)

356 2332 581 2417 praebuerint,
605 2356 647 2398 ex
672 2335 777 2420 Taciti
800 2334 1019 2418 descriptione
1042 2333 1083 2416 (c.
1109 2334 1171 2414 16.)
1194 2332 1292 2397 facile
1315 2339 1366 2396 est
1388 2335 1494 2395 animo

356 2445 489 2530 tingere.
827 2513 831 2530 ,

446 2556 514 2620 Cibi
535 2559 699 2642 simplices
721 2567 822 2636 erant,
845 2560 989 2644 agrestia
1011 2579 1117 2643 poma,
1141 2577 1256 2622 reeens
1279 2547 1351 2621 fera
1372 2557 1496 2643 autlac

357 2673 544 2733 concretum
567 2669 608 2748 (c.
632 2669 708 2744 23.).
756 2667 871 2730 Ooesor
893 2688 1024 2752 quoquc
1047 2679 1161 2734 auctor
1183 2677 1235 2733 est
1257 2669 1305 2752 (Β.
1321 2666 1362 2735 G.
1376 2668 1434 2750 IV,
1451 2671 1495 2750 1.)

292 2817 295 2830 -
356 2801 421 2844 non
443 2779 578 2844 multum
591 2779 772 2846 Germanos
785 2783 959 2865 frumento,
982 2783 1042 2848 scd
1064 2787 1239 2846 maximam
1260 2790 1386 2868 partem
1409 2780 1494 2845 lacte

356 2898 456 2974 atque
479 2913 600 2977 pecore
622 2895 734 2957 vivere
758 2895 959 2978 multumque
983 2915 1058 2960 esse
1080 2898 1112 2958 in
1136 2898 1309 2959 uenatione
1333 2895 1389 2978 (of.
1404 2894 1441 2962 Β,
1454 2893 1494 2958 G.

357 3002 415 3082 VI,
439 3005 497 3084 aa;
531 3001 641 3068 Strabo
664 3003 745 3087 VII,
771 3009 805 3088 l,
829 3007 857 3069 3.
881 3026 911 3091 p.
936 3008 1030 3090 291.)
1075 3007 1253 3072 Praeterea
1282 3007 1385 3070 refert
1414 3005 1495 3068 Melo

357 3113 436 3194 (III,
460 3115 523 3197 3.):
561 3115 690 3191 ,Cruda
721 3120 816 3204 etiam
852 3138 949 3181 carne
980 3127 1174 3198 vescuntur,
1208 3128 1265 3182 aut
1286 3121 1410 3182 recenti
1440 3127 1495 3182 aut

355 3249 427 3292 cum
449 3229 605 3312 rigentem
628 3231 660 3292 in
682 3229 763 3313 ipsis
793 3229 954 3314 pecudum
983 3231 1190 3313 ferarumque
1221 3232 1318 3293 coriis
1347 3229 1495 3293 manibus

354 3339 559 3424 pedibusque
589 3341 772 3427 subigendo
802 3343 1029 3406 renovarunt.“
1075 3342 1126 3404 De
1155 3340 1300 3425 piscibus
1330 3337 1435 3424 (Ocea.
1458 3339 1495 3402 B.

252 3499 256 3506 .
356 3449 396 3526 G,
415 3449 473 3531 IV,
495 3454 552 3533 103
575 3453 654 3514 Ptin.
677 3447 717 3515 N.
740 3453 782 3515 H.
798 3451 894 3535 XVI,
913 3455 966 3533 3.),
990 3456 1060 3518 ovis
1083 3454 1190 3515 avium
1214 3449 1317 3530 (Caes.
1340 3448 1399 3531 IV,
1424 3451 1496 3530 tu),

355 3563 447 3648 pulte
470 3583 512 3628 ex
537 3585 641 3628 avena
664 3573 820 3630 concocta
843 3565 939 3648 (Plio.
962 3565 1003 3628 N.
1015 3563 1057 3627 H.
1069 3562 1200 3644 XVIII,
1225 3563 1307 3644 149.)
1329 3561 1405 3628 silet
1427 3559 1496 3625 Ta-

356 3677 449 3739 citus.
492 3674 621 3741 Deinde
648 3677 736 3759 potui
765 3674 937 3741 Germanis
972 3684 1043 3741 erat
1076 3676 1192 3740 humor
1215 3695 1257 3740 ex
1286 3673 1411 3739 hordeo
1440 3681 1497 3737 aut

355 3789 520 3853 frumento
542 3789 575 3852 in
599 3788 760 3871 quandam
783 3786 1026 3853 slmilitudinem
1049 3791 1116 3852 vini
1138 3795 1310 3871 corruptus
1327 3783 1386 3864 ¹⁸³).
1410 3785 1497 3849 Pro-

357 3901 438 3964 ximi
458 3901 550 3983 ripae
573 3907 608 3964 et
628 3901 737 3962 vinum
760 3899 988 3965 mercabantur
1011 3901 1051 3979 (c.
1062 3899 1136 3976 13.)
1157 3897 1264 3976 ¹Quod
1280 3897 1405 3960 factum
1424 3915 1496 3960 esse

357 4023 457 4101 negat
481 4009 598 4075 Cursor
620 4012 672 4097 (B.
695 4010 736 4076 G.
759 4009 818 4092 IV,
842 4010 906 4093 2.):
937 4011 1074 4096 ,Vinum
1097 4009 1139 4076 ad
1162 4027 1198 4073 se
1221 4009 1350 4072 omnIno
1371 4009 1497 4092 impor-

445 4292 490 4359 ιδ’)
507 4292 585 4343 Idem
594 4290 651 4340 fere
664 4293 757 4341 narrat
764 4277 878 4341 Plinius
882 4307 889 4340 :
909 4289 968 4344 „Ex
980 4289 1093 4338 iisdem¹⁴
1107 4285 1257 4352 (frugibus)
1268 4284 1352 4340 „liunt
1365 4288 1393 4334 et
1406 4288 1496 4350 potue,

358 4387 470 4449 zythum
487 4388 513 4435 in
531 4383 674 4451 Aegypto,
698 4386 785 4436 caelia
803 4391 831 4436 et
848 4400 929 4436 cerea
946 4387 974 4435 in
991 4383 1136 4448 Hispania,
1162 4384 1285 4432 cervesia
1303 4383 1332 4432 et
1348 4379 1428 4446 plura
1446 4395 1497 4446 ge-

358 4495 424 4532 nera
440 4481 466 4530 ln
484 4479 574 4530 Gollla
592 4483 704 4545 aliisque
723 4483 887 4546 provinense
907 4477 952 4546 (N.
970 4477 1003 4528 Η.
1022 4477 1115 4542 XXII,
1135 4475 1213 4541 164.)
