3484 5374
129 696 208 762 illud
229 697 319 782 quod
341 697 412 763 sola
434 699 619 764 reverentis
642 697 774 764 vident“
798 699 836 780 (c.
860 699 913 780 9.).
956 697 996 763 Id
1019 697 1150 784 quidem
1173 707 1268 764 eante

128 809 349 897 accipiendum
392 831 466 876 esse
497 810 626 878 videtur
645 809 711 893 ¹⁴⁰);
743 833 817 877 nam
851 831 936 896 quae
966 811 1008 876 de
1036 809 1155 876 Nerthi
1184 809 1268 877 deae

129 923 215 988 cultu
239 945 265 988 c.
287 925 340 988 40.
361 931 547 1004 narrantur,
577 926 639 988 nisi
667 922 709 988 de
739 924 849 1008 eliqua
871 926 1012 1010 imagine
1035 926 1093 987 vix
1120 923 1268 1008 intellegi

129 1043 274 1120 possunt,
298 1045 398 1120 utque
419 1035 503 1100 Anu.
527 1035 553 1116 1,
565 1035 617 1100 51.
640 1035 723 1100 haec
744 1037 970 1100 inveniuntur:
994 1034 1160 1118 „Proteus
1174 1034 1268 1100 simul

129 1156 162 1212 et
183 1167 273 1212 caeru
296 1157 329 1212 et
352 1147 597 1213 celeberrimum
620 1147 685 1212 illis
707 1147 860 1234 gentibus
883 1148 1026 1231 ternplum
1054 1145 1142 1230 quod
1167 1146 1269 1212 Tem·

127 1259 222 1322 sanae
240 1256 293 1342 ¹⁴⁴)
314 1258 478 1324 vocabant
498 1260 563 1323 soto
586 1260 798 1343 aequantur“;
817 1248 908 1343 ¹quae
929 1258 1032 1322 verba
1050 1260 1111 1322 nisi
1131 1267 1268 1343 torque-

128 1380 221 1434 antur
243 1391 361 1436 vereor
376 1370 470 1435 need
495 1371 680 1455 „parietes“
704 1373 897 1455 pertineant.
921 1368 1145 1434 vaticinantes
1159 1379 1268 1434 autem

129 1479 364 1546 Germanorum
391 1482 530 1546 feminas
559 1484 600 1562 (c.
623 1482 667 1566 8.)
701 1484 765 1546 iam
789 1481 907 1546 Caesar
940 1480 993 1563 (B.
1017 1478 1058 1544 G.
1080 1479 1113 1560 I,
1136 1482 1203 1562 50.)
1237 1491 1269 1545 et

129 1591 240 1658 Strabo
262 1591 352 1676 (VII,
376 1595 405 1658 2.
429 1594 458 1658 3.
480 1613 511 1677 p.
535 1592 627 1677 294.)
650 1601 819 1658 noverant.

212 1730 341 1795 Deinde
364 1752 436 1794 cum
468 1732 506 1795 iis
536 1751 621 1814 quae
645 1730 778 1794 Tacitus
807 1730 849 1795 de
879 1729 1010 1813 publicis
1043 1729 1269 1795 dampnorum

126 1842 216 1906 rebus
237 1843 358 1926 passim
381 1842 497 1907 litteris
520 1841 669 1923 mandat,
698 1844 791 1906 unius
817 1839 961 1906 Caesaris
982 1841 1155 1906 nonnullos
1177 1841 1268 1908 locos

128 1954 177 2031 (B.
201 1952 242 2018 G.
254 1952 313 2036 lV,
337 1956 371 2036 l;
394 1953 452 2036 VI,
477 1957 527 2018 22.
541 1954 607 2037 23.)
631 1975 820 2038 comparare
843 1955 938 2019 nobis
961 1957 1127 2039 contingit.
1156 1951 1269 2040 Reges

129 2087 169 2129 ex
194 2065 363 2130 nobilitate
386 2075 533 2151 sumptos
557 2087 631 2130 esse
661 2067 704 2146 (c.
729 2067 772 2149 7.)
802 2066 844 2130 ab
872 2087 911 2130 eo
939 2088 1004 2131 non
1033 2087 1270 2131 commemora·

126 2185 178 2240 tur
194 2176 254 2257 ¹⁴⁵).
299 2176 366 2243 Sed
389 2177 476 2242 bello
509 2177 625 2242 oborto
655 2176 757 2241 duces
780 2180 812 2240 in
835 2178 974 2241 coneilio
1001 2199 1022 2242 a
1043 2176 1167 2262 populo
1195 2197 1269 2242 esse

127 2299 255 2352 creatos
279 2309 436 2351 unacum
460 2287 577 2352 Tacito
600 2293 659 2367 (cc.
684 2289 712 2350 7.
738 2287 803 2361 13.)
827 2287 1039 2366 testaturtB.
1058 2287 1099 2352 G.
1111 2286 1170 2368 VI,
1193 2286 1269 2370 23).

125 2398 208 2463 Item
232 2398 274 2464 de
296 2401 475 2485 principum
500 2401 645 2464 comitatu
660 2397 709 2478 ¹⁴⁰)
731 2401 816 2464 inter
838 2407 1012 2482 utrumque
1036 2401 1188 2464 convenit
1210 2403 1268 2480 (cc.

128 2511 177 2573 13.
204 2512 258 2591 143
282 2509 319 2572 B.
342 2508 383 2574 G.
407 2507 465 2591 VI,
490 2511 566 2591 23.).
613 2509 756 2576 Caesare
779 2519 924 2592 auctore,
947 2533 1018 2574 eum
1041 2509 1163 2575 bellum
1185 2511 1269 2574 civi-

125 2629 177 2685 tas
200 2629 257 2685 eut
278 2622 403 2685 illatum
426 2621 575 2686 defendit
597 2631 653 2686 eut
675 2623 783 2701 infert,
807 2626 1028 2708 magistratus,
1050 2623 1107 2706 qui
1129 2624 1159 2686 ei
1181 2621 1269 2686 bello

127 2735 288 2816 praesint,
320 2741 356 2796 ut
377 2735 466 2798 vitae
489 2735 644 2816 necisque
666 2733 809 2799 habeant
832 2742 1047 2819 potestatem,
1071 2733 1267 2819 deliguntur.

127 2841 250 2906 Verum
272 2851 387 2927 aperte
409 2850 594 2928 repugnant
614 2843 698 2906 haec
709 2840 816 2906 Taciti
839 2833 941 2907 verba
956 2847 996 2920 (e.
1010 2842 1070 2923 7.):
1096 2839 1268 2924 ,Ceterum

216 3184 261 3251 ¹⁴⁸)
280 3183 321 3235 Os.
345 3180 490 3253 denpcr
514 3183 714 3265 ¹,Heidenthum
741 3182 797 3233 und
818 3183 1001 3235 antennam*
1027 3199 1053 3250 p.
1078 3185 1135 3236 563.
1179 3185 1270 3236 Taciti

125 3281 218 3332 locum
241 3283 344 3344 optime
369 3280 491 3346 explicat
512 3275 610 3332 Wuttc.
635 3279 652 3328 l.
671 3279 689 3328 1.
711 3294 738 3343 p.
758 3279 804 3330 tt:
839 3277 902 3336 ,Sia
925 3279 1015 3329 banea
1038 3277 1118 3329 keine
1143 3279 1267 3346 Tempel,

125 3375 246 3426 sondern
264 3378 304 3426 ste
321 3376 429 3426 weiheu
447 3375 499 3426 den
516 3373 630 3424 Gtttern
648 3373 752 3438 Haine,
778 3372 834 3424 und
859 3373 999 3424 benenuen
1018 3372 1093 3423 dlese
1118 3373 1187 3424 nach
1206 3372 1269 3426 dem

124 3471 233 3520 Namen
251 3470 300 3520 der
318 3468 422 3535 Gttter,
441 3468 528 3520 denen
546 3471 586 3518 sie
605 3467 689 3532 heitig
708 3465 782 3530 sind,
809 3481 843 3516 au
862 3467 930 3532 sich,
949 3471 1011 3532 negt
1028 3468 1150 3533 Tacitus,
1167 3471 1203 3520 ist
1221 3469 1269 3520 der

124 3564 214 3626 Weld
234 3564 265 3628 ja
288 3563 352 3614 hein
370 3561 553 3628 Heiligthum‚
581 3577 632 3612 nur
651 3561 737 3612 durch
760 3561 818 3612 ihre
836 3561 997 3627 Verehruug
1021 3562 1135 3614 macheu
1159 3567 1198 3614 sie
1222 3565 1268 3614 ihn
1312 3565 1316 3572 “

125 3659 205 3709 deun.
224 3696 230 3709 .
250 3696 255 3708 .
275 3696 281 3708 .
304 3658 376 3710 Dass
401 3637 555 3709 bestimmte
580 3657 669 3708 Haine
693 3657 833 3708 einzelnen
852 3655 968 3708 Gattern
989 3657 1074 3724 heilig
1096 3673 1205 3724 waren,
1232 3661 1269 3709 ist

125 3767 177 3803 aus
196 3755 286 3804 vielen
303 3753 471 3820 Zeugnissen
489 3751 634 3803 deutlich.“
671 3750 741 3802 Anu.
760 3751 796 3818 11,
817 3752 929 3818 ru;:1v,
948 3755 992 3817 '133
1012 3751 1101 3804 Germ.
1119 3755 1161 3803 40.
1180 3755 1221 3805 43.

214 3847 259 3914 ¹⁴⁴)
278 3849 354 3910 Quae
371 3849 419 3898 illa
437 3848 489 3898 dec
506 3848 604 3911 suerit,
621 3845 740 3896 nondum
758 3850 953 3912 investigatum
971 3853 1020 3898 est.
1055 3845 1184 3899 anssius
1208 3827 1268 3897 e'cm

124 3957 159 3992 ne
179 3947 372 3995 commemorat
395 3941 520 4007 quidem,
544 3955 633 4006 neque
650 3937 763 3994 (teimau
781 3942 799 3992 t.
817 3943 834 3992 l.
854 3956 880 4006 p.
899 3943 941 3994 eu.
960 3943 1019 3994 236.
1038 3943 1185 4006 quidquam
1201 3945 1268 3992 certi

123 4038 249 4100 proferre
267 4041 367 4102 potest.

214 4130 260 4197 ²⁴⁵)
279 4129 360 4183 Solus
379 4130 535 4183 Ariovistus
560 4131 590 4181 B.
610 4129 642 4181 G.
661 4131 685 4196 Ι,
711 4133 752 4202 31.
771 4147 821 4182 rex
839 4136 967 4196 vocatum
991 4130 1040 4181 sed
1058 4147 1074 4181 e
1093 4136 1189 4182 senatu
1207 4129 1267 4181 no-

123 4243 265 4278 manorum
284 4242 346 4278 eum
364 4231 436 4292 regis
454 4230 563 4277 nomine
579 4227 742 4277 honoratum
760 4241 822 4277 esse
841 4243 876 4278 ex
894 4243 933 4277 ce.
952 4225 993 4278 35.
1011 4227 1053 4277 43.
1072 4229 1193 4291 apparet.

215 4321 261 4387 ¹⁸⁶)
279 4321 320 4373 Gi.
333 4319 458 4389 Sabatina
469 4321 657 4386 „Entstehuug
673 4321 723 4371 des
741 4318 892 4371 deutschen
902 4321 1100 4385 Ktntgthumn¹⁴
1112 4335 1137 4384 p.
1150 4321 1199 4370 144
1209 4334 1266 4386 sqq.

128 4414 268 4470 Wua‘ttiua
290 4419 307 4466 l.
326 4419 344 4468 l.
368 4433 395 4482 p.
411 4417 465 4468 856
487 4431 544 4480 sqq.
581 4414 706 4466 Caesaris
733 4416 823 4464 locum
846 4415 922 4464 nuile
946 4413 1027 4464 medo
1049 4415 1084 4464 ad
1109 4417 1266 4466 comitatum

124 4516 263 4578 pertinere
281 4517 381 4562 censet
