3530 5374
383 499 424 564 56

379 670 556 756 glandiferi
577 691 730 736 maxume
753 671 883 755 generis
899 692 1011 734 omnes
1030 691 1103 734 esse
1122 671 1264 734 affirmat
1276 669 1397 732 Plinius
1412 670 1466 750 (N.
1479 670 1522 732 H.

378 783 477 864 XVI,
501 783 553 866 6.).
624 777 627 785 ’

466 893 578 960 Solum
617 901 729 980 aptum
751 895 925 958 exsistere
960 892 1105 960 colendis
1138 881 1289 978 frugibus
1323 903 1357 958 51
1388 892 1522 958 Tacitus

379 1007 479 1092 (00.5.
498 1005 548 1088 ¹⁸⁰)
573 1007 624 1068 26.
646 1007 712 1086 45.)
735 1016 769 1070 51
793 1004 911 1069 Caesar
934 1004 982 1082 (Β.
995 1005 1036 1070 G.
1058 1005 1166 1088 IV,1;
1189 1005 1247 1088 VI,
1261 1008 1326 1084 22.)
1350 1015 1522 1086 testantur,

379 1119 632 1202 nominatimque
666 1117 824 1183 hordeum
852 1139 873 1181 a
895 1117 1010 1182 Tacito
1044 1121 1087 1197 (0.
1112 1119 1196 1198 23.),
1229 1117 1372 1182 5Ρ11515
1404 1117 1456 1190 (Ν.
1479 1115 1521 1180 H.

378 1227 510 1311 XVIII,
534 1232 617 1310 149.)
641 1250 745 1294 avena
766 1228 960 1314 appellatur.
991 1229 1238 1314 Trungararum
1260 1228 1413 1292 arborum
1435 1235 1523 1291 15555

380 1349 432 1407 551
442 1344 614 1426 impatiens
626 1344 664 1424 (0.
679 1341 731 1423 5.),
744 1343 885 1428 agrestia
898 1350 1021 1406 1551555
1033 1361 1131 1425 poma
1142 1347 1319 1405 nascuntur
1332 1343 1372 1420 (0.
1383 1341 1447 1418 23.)
1463 1337 1523 1417 ¹³¹).

379 1453 497 1516 Linum
519 1472 539 1514 a
561 1449 736 1516 Germanis
766 1450 887 1516 cultum
919 1471 993 1514 esse
1028 1472 1072 1514 ex
1098 1449 1265 1514 muliebris
1294 1451 1432 1512 vestitus
1462 1446 1522 1511 de-

380 1565 555 1650 scriptione
587 1563 729 1643 (cll.)
762 1569 795 1627 51
818 1583 860 1626 ax
884 1561 986 1625 Plinio
1010 1561 1069 1640 (N.
1092 1560 1134 1624 H.
1156 1559 1266 1642 XIX,
1290 1562 1336 1639 9.)
1359 1560 1522 1624 discimus.

379 1673 509 1740 Deinde
523 1673 732 1740 GermauIam
755 1675 967 1760 egeneribus
989 1674 1173 1740 animalium
1195 1673 1345 1758 proferre
1366 1680 1522 1752 armenta,

382 1788 500 1872 quibus
530 1809 609 1852 5555
641 1789 831 1853 honorant
854 1786 960 1871 gloria
981 1785 1099 1850 frontis
1122 1784 1225 1866 desit,
1249 1791 1282 1848 et
1304 1805 1426 1868 pecora
1448 1783 1523 1869 ple-

379 1921 518 1984 rumque
547 1902 745 1984 improoera,
777 1919 804 1961 c.
827 1899 855 1962 5.
879 1899 931 1978 (01.
956 1918 982 1961 0.
1006 1899 1072 1974 21.)
1102 1896 1237 1962 Tacitus
1265 1897 1384 1979 refert3
1419 1916 1522 1979 equos

379 2032 444 2076 non
467 2011 587 2092 forma,
619 2031 685 2074 noa
712 2009 887 2074 velocitate
918 2011 1112 2094 conspicuos
1140 2007 1261 2088 fuisse,
1294 2015 1523 2093 praeteream

380 2128 420 2202 (0.
443 2123 481 2204 6,
512 2121 553 2184 cf.
578 2143 604 2184 0.
630 2122 694 2202 10.)
723 2122 821 2186 etiam
847 2119 963 2184 (laesor
991 2119 1042 2200 (Β.
1067 2118 1108 2183 G.
1130 2117 1189 2201 IV,
1212 2120 1255 2198 2.)
1276 2117 1385 2182 tradit.
1430 2120 1523 2198 Quae

380 2233 468 2324 apud
492 2233 668 2300 Caesarem
691 2232 741 2312 (Β.
765 2231 806 2298 G.
829 2230 887 2312 VI,
911 2231 1059 2310 26-28.)
1083 2240 1116 2294 01
1137 2230 1273 2294 Plinium
1296 2230 1349 2308 (N.
1370 2230 1413 2294 H.
1428 2229 1521 2311 VIII,

379 2349 433 2414 38.
455 2348 520 2428 39.)
544 2345 585 2410 de
608 2344 714 2409 bobus
737 2346 827 2410 cervi
849 2344 965 2428 figura,
988 2342 1123 2424 aloibus,
1147 2344 1224 2423 urie,
1247 2364 1407 2426 equorum
1429 2343 1522 2406 fero-

379 2481 451 2523 rum
473 2458 627 2544 gregibus
650 2457 840 2543 produntur,
863 2458 896 2519 in
918 2464 1032 2522 nostro
1045 2454 1128 2519 libro
1145 2477 1280 2539 prorsus
1298 2457 1418 2520 omissa
1429 2463 1521 2535 5551,

380 2572 430 2635 551
451 2572 560 2634 tamen
589 2569 674 2634 Α55.
701 2566 760 2649 IV,
785 2569 836 2631 72.
857 2565 1142 2651 505155515599).
1186 2567 1261 2632 Non
1283 2567 1420 2632 multum
1444 2567 1522 2630 ferri

379 2685 413 2746 in
437 2679 613 2770 Germania
635 2683 735 2758 nasei,
758 2701 802 2744 ex
825 2679 965 2744 telorum
987 2700 1108 2766 genere
1124 2679 1258 2744 Tacitus
1280 2678 1406 2764 colligit
1428 2680 1469 2760 (0.
1485 2678 1521 2757 6,

381 2796 422 2858 cf.
446 2772 500 2858 00.
514 2794 566 2856 43.
589 2791 671 2875 45),
703 2799 874 2876 argentum
905 2800 936 2855 51
965 2812 1079 2855 aurum
1112 2793 1288 2876 propitiine
1319 2812 1360 2855 55
1386 2792 1461 2854 15511
1489 2787 1521 2854 di

291 2963 298 2972 ,
380 2907 571 2991 negaverint
594 2904 738 2985 dubitat,
765 2925 827 2968 550
848 2911 958 2970 tamen
980 2904 1144 2969 affirmare
1167 2904 1267 2968 audet
1289 2903 1410 2968 nullam
1434 2902 1522 2967 Ger-

381 3017 507 3082 maniae
530 3037 645 3080 venam
668 3023 839 3102 argentum
863 3037 1019 3080 aurumve
1043 3018 1179 3100 gignere
1203 3017 1245 3098 (0.
1266 3015 1321 3098 5.).
1352 3014 1420 3080 Sed
1437 3014 1521 3078 Anu.

380 3127 445 3212 XI,
469 3129 519 3196 20.
550 3128 663 3194 scribit
685 3128 833 3194 Curtium
856 3127 980 3192 Rufum
1010 3130 1042 3220 in
1064 3149 1145 3213 agro
1169 3127 1327 3192 Mattiaco
1350 3128 1524 3192 reclusisse

700 3338 779 3345 ---
1049 3336 1203 3342 ----.-------
1209 3337 1225 3341 ..‚‚
1232 3336 1246 3342 0-
1253 3333 1523 3342 --....-..---..-.—-

469 3454 511 3514 ¹⁸⁰)
532 3451 623 3508 „Satis
632 3457 719 3520 ferax,
732 3455 922 3520 frugiferarum
936 3455 1061 3504 arborum
1072 3456 1225 3518 impatiens,
1241 3467 1370 3519 pecorum
1380 3452 1521 3503 fecunda*

382 3549 412 3600 Si
434 3553 495 3614 quis
519 3551 588 3600 forte
613 3551 748 3613 haeaerIt,
775 3547 844 3601 salis
868 3563 919 3614 pro
944 3549 1064 3607 ablativo
1089 3563 1123 3600 au
1148 3547 1276 3600 adverbio
1301 3549 1456 3599 habendum
1480 3549 1524 3611 sit,

382 3659 488 3694 omnam
506 3643 701 3694 dubitationem
720 3642 821 3694 abiciet
837 3643 938 3694 collato
958 3643 1089 3693 hocloco
1108 3639 1222 3695 Sallusti
1241 3643 1311 3708 (Iug.
1332 3641 1400 3708 11),
1426 3643 1471 3692 ubi
1490 3643 1525 3692 do

382 3739 477 3788 Africa
495 3739 576 3788 dicit:
604 3752 685 3802 „ager
699 3734 812 3804 frugum
829 3738 944 3803 fertilis,
971 3738 1058 3788 bonus
1082 3741 1191 3803 pecori,
1217 3738 1313 3789 arbore
1338 3738 1522 3788 infecundus·

382 3834 459 3894 Quae
478 3833 563 3883 verba
580 3833 725 3882 manifesto
745 3836 837 3882 nostro
856 3835 983 3895 scriptori
1002 3832 1147 3883 obversata
1164 3839 1244 3894 5551,
1263 3837 1345 3897 atque
1364 3833 1524 3897 hicquoque

382 3931 534 3978 structurae
553 3929 728 3977 mutationem
747 3927 816 3977 bene
834 3929 981 3977 notaveris.

468 4019 512 4088 ¹⁸¹)
531 4022 593 4072 Huc
612 4020 678 4071 illud
698 4023 819 4086 „virgam
837 4021 985 4086 frugiferae
1000 4021 1090 4072 arbori
1108 4023 1335 4073 decisionem.
1353 4022 1524 4073 referendum

382 4116 586 4180 conaudetur,
613 4117 665 4167 nial
682 4117 752 4166 10515
771 4118 830 4180 ipsa
847 4116 900 4168 sibi
917 4117 1029 4167 Tacitus
1048 4117 1221 4168 contradixit.
1257 4117 1318 4167 Hoc
1336 4133 1401 4168 vero
1421 4119 1523 4169 sactum

382 4225 445 4262 ease
462 4225 541 4276 nego.

470 4303 512 4372 ¹⁸¹)
528 4305 690 4371 Nipperdeil
717 4307 876 4359 coniectura
900 4310 1081 4362 „taurorum
1105 4308 1229 4370 quamvls
1253 4307 1365 4372 elegans
1388 4322 1441 4358 non
1469 4308 1523 4360 ad·

381 4399 515 4452 mittenda
538 4402 617 4452 uobis
641 4415 701 4452 esse
725 4401 841 4453 videtur.
878 4400 918 4452 Gi.
940 4398 1094 4456 Urlicltsiaa
1116 4403 1143 4452 15
1162 4401 1211 4456 aN.
1230 4401 1323 4454 Jahrb.
1343 4403 1362 4453 f.
1380 4401 1451 4453 Phil.
1468 4401 1523 4452 aad

382 4495 483 4548 Paean
502 4496 557 4547 vol.
576 4495 679 4548 LXIX.
698 4511 726 4562 p.
745 4497 807 4548 1111.Ι
