3530 5374
1246 533 1286 596 41

149 711 332 794 sriporibus“
351 711 416 790 ¹⁰⁰),·
437 711 558 797 legisse
581 731 618 774 se
640 709 728 794 apud
751 706 924 773 nonnullos
947 705 1087 782 (scilicet
1108 704 1196 792 spud
1218 705 1290 788 Py·

155 823 295 903 theatri)
318 823 389 888 dies
411 825 582 888 continuos
603 820 716 886 XXX
739 819 801 886 sub
822 820 938 885 bruma
960 839 1034 884 esse
1058 826 1204 900 noctem;
1231 817 1291 883 sed
1332 837 1334 842 ·

154 935 230 1000 nihil
250 934 293 1000 de
315 953 354 1000 so
377 933 677 1020 percontationibus
700 933 905 1016 repperisse,
927 933 989 996 nisi
1012 929 1110 996 certis
1134 949 1178 996 sx
1205 947 1292 1013 aque

154 1049 309 1114 mensuris
331 1046 483 1110 breviores
505 1065 580 1111 esse
603 1065 701 1130 quam
723 1047 757 1108 in
778 1045 955 1108 continenti
976 1049 1079 1108 codes
1095 1041 1219 1108 vidisse
1234 1039 1291 1122 ¹⁰¹).

154 1158 200 1224 At
227 1157 384 1224 Diodorus
410 1179 483 1224 cum
513 1155 658 1224 ansme
684 1164 720 1221 et
748 1154 865 1220 Tacito
896 1154 1064 1220 dissentit:
1110 1145 1206 1240 »Τὴν
1235 1151 1293 1220 τοῦ

155 1263 244 1356 ἀέρος
266 1263 350 1349 ἔχειν
372 1255 528 1336 διάθεσιν
550 1267 761 1341 παντελῶς
785 1264 1092 1354 κατεψυγμένην
1116 1263 1219 1354 (φασὶ
1236 1257 1293 1348 τῆν
1389 1298 1394 1307 ,

155 1383 263 1466 νῆσον)
299 1373 345 1456 ὠς
372 1373 412 1444 dr
438 1375 494 1446 ὑπ’
525 1371 624 1466 αὐτῆν
652 1375 710 1466 τήν
736 1373 853 1466 ἄρκτον
883 1375 1057 1466 κιτμέι·νρν“
1075 1377 1137 1460 ¹⁰²).
1182 1377 1293 1444 Strabo

154 1502 260 1573 autem
282 1515 387 1577 aeque
416 1515 456 1557 ac
478 1493 614 1558 Tacitus
646 1492 810 1558 humidum
834 1493 1022 1556 Britanniae
1053 1492 1178 1558 caelum
1202 1511 1293 1555 com·

153 1612 311 1669 memorat
327 1602 395 1687 ¹⁰⁸),
424 1614 457 1669 et
488 1605 683 1670 brevitatem
712 1607 856 1668 noctium
885 1613 922 1668 ut
944 1603 1069 1670 Caesar
1091 1613 1126 1668 et
1147 1602 1292 1682 Tacitus,

155 1719 200 1780 ita
222 1716 342 1780 Plinius
360 1715 411 1798 ¹⁰⁴)
434 1737 567 1801 quoquc
589 1725 799 1804 cognoverat

238 1843 366 1908 Deinde
390 1866 433 1908 ex
456 1847 495 1908 iis
518 1865 596 1928 quoe
617 1847 757 1928 proferet
779 1843 958 1922 Britannia,
982 1842 1117 1908 Tacitus
1139 1842 1219 1929 Agr.
1244 1843 1292 1904 it.

155 1957 258 2022 oleum
280 1960 446 2040 vitemque
470 1965 503 2021 et
525 1965 636 2022 cetera
658 1955 867 2021 calidioribus
890 1958 986 2020 terris
1010 1957 1085 2019 oriri
1097 1961 1192 2019 sucis
1204 1953 1293 2017 solus

155 2071 312 2151 nominat;
336 2069 448 2153 fruges
471 2069 516 2132 ibi
538 2068 628 2131 nasci
640 2071 738 2133 etiam
751 2065 870 2132 Cacsar
884 2067 935 2149 (Β.
949 2066 989 2130 G.
1001 2066 1043 2148 V,
1058 2066 1121 2150 14.)
1138 2075 1171 2129 ct
1183 2063 1294 2128 Strabo

155 2179 227 2260 (IV,
250 2180 280 2259 5,
304 2182 332 2242 i.
355 2200 386 2265 p.
412 2180 496 2262 199.)
519 2187 697 2261 testantur3
720 2187 893 2264 praeterea
916 2177 1027 2241 Strabo
1049 2177 1134 2260 (1.1.)
1159 2185 1192 2241 et
1211 2176 1295 2239 Melo

155 2290 237 2374 (III,
259 2291 305 2372 6.)
338 2291 506 2376 appellant
538 2313 671 2356 nemora
705 2291 893 2374 saltusque,
934 2292 1104 2354 materiem
1137 2290 1294 2370 cuiusque

156 2403 301 2487 generis,
326 2410 361 2466 ut
381 2406 414 2465 in
438 2402 563 2480 Gallis,
586 2411 717 2487 praeter
739 2403 851 2488 fagum
881 2409 981 2486 atque
1011 2401 1152 2466 abietem
1183 2399 1294 2463 laudat

157 2513 275 2577 Ooesor
296 2515 348 2597 (B.
373 2514 413 2578 G.
436 2514 477 2580 V.
503 2516 575 2598 12).
620 2513 674 2577 Ex
697 2513 907 2593 animalibus,
940 2512 981 2576 de
1011 2511 1129 2595 quibus
1159 2509 1293 2575 Tacitus

157 2627 285 2689 omnino
308 2622 398 2707 silet,
428 2645 583 2710 pecorum
604 2628 800 2690 mentionem
823 2625 948 2688 faciunt
972 2623 1090 2686 Cossus
1112 2621 1164 2704 (Β.
1188 2619 1228 2688 G.
1254 2619 1294 2703 V,

158 2737 222 2819 12.)
244 2744 278 2800 ct
299 2735 382 2799 Melo
405 2737 440 2816 (1.
463 2735 516 2820 1);
546 2730 636 2809 κύνες
657 2729 788 2822 εὐφυεῖς
810 2729 894 2816 πρὸς
915 2728 975 2811 τὰς
997 2731 1186 2820 κυνηγεσίας
1207 2729 1295 2818 spud

157 2845 338 2910 Strabonem
360 2847 441 2932 (1.1.)
463 2849 686 2928 inveniuntur3
709 2839 855 2932 leporem
878 2855 912 2910 et
933 2845 1086 2931 gallinam
1100 2853 1133 2910 et
1148 2866 1296 2912 anserem

155 2966 288 3041 gustare
315 2961 368 3023 fas
389 2981 453 3023 non
476 2968 592 3044 putare
617 2957 807 3038 Britannos,
838 2959 921 3023 haec
942 2967 1050 3024 temen
1079 2959 1168 3023 alere
1199 2959 1297 3021 animi

154 3069 401 3154 voluptatisque
422 3091 531 3151 causa,
557 3069 675 3133 Oocsor
697 3069 730 3152 (1.
753 3069 788 3153 l.)
811 3070 921 3134 refert.
966 3067 1090 3132 Aurum
1120 3075 1153 3132 et
1174 3087 1296 3153 ergen-

472 3264 489 3269 .-
495 3264 523 3269 --.
528 3263 713 3270 ...Μ
1192 3262 1294 3270 ——u-u

244 3381 496 3448 QRQWU

242 3474 458 3542 Qfflffiffi

244 3568 289 3636 ¹⁰²)
307 3570 342 3636 V,
361 3573 401 3620 21.
431 3599 441 3616 .

244 3663 288 3729 ¹⁰⁸)
306 3665 355 3731 IV,
374 3665 398 3730 5,
417 3665 440 3714 i.
459 3665 559 3730 pico:
579 3662 736 3736 ,ζΕπιρβριι
754 3661 773 3714 δ’
786 3658 845 3714 εἰσὶν
865 3659 887 3714 οἱ
906 3661 978 3736 ἁέρες
997 3659 1091 3736 μᾶλλον
1108 3655 1124 3736 ἦ
1143 3657 1295 3734 veredis<-

153 3757 180 3809 ὲν
199 3756 227 3810 δὲ
245 3767 298 3816 ταῖς
317 3754 424 3831 αἰθρίαις
443 3753 539 3832 ὁμίχλη·
558 3758 658 3829 κατέχει
682 3755 760 3810 πολὺν
784 3753 890 3830 χρόνον,
916 3751 977 3809 ders
1002 3753 1030 3808 δι’
1049 3753 1143 3831 ἡμέρας
1168 3749 1231 3830 ὅλης
1255 3751 1296 3806 ἐπὶ

152 3861 221 3929 τρεῖς
238 3851 313 3928 pisos
330 3850 346 3928 τ’)
365 3853 483 3927 τέτταρας
500 3848 567 3926 ὥρας
583 3851 628 3910 τὰς
645 3850 702 3924 περὶ
720 3850 765 3928 τὴν
784 3849 938 3926 ρισιρρβρὶαν
957 3847 1122 3925 iporiensis
1141 3847 1238 3923 ἧ)ιον.“

244 3951 290 4016 ¹⁰⁴)
307 3949 340 4002 N.
358 3949 393 4002 H.
416 3950 458 4016 11,
483 3951 542 4002 186.
560 3951 624 4002 187:
652 3949 854 4016 ,Longissimus
877 3950 935 4000 dies
953 3981 960 3996 .
979 3985 985 3997 .
1004 3946 1156 3998 .iu1talls
1172 3947 1243 4009 XV,
1269 3949 1296 3996 in

151 4043 405 4096 Britannuxvne
425 4044 518 4110 (horas
537 4044 669 4110 colligit),
688 4044 751 4100 „ubl
769 4048 873 4094 aestate
891 4040 1002 4098 lucidae,
1016 4043 1104 4095 codes
1121 4040 1195 4093 haud
1214 4039 1296 4092 dubie

151 4142 317 4204 promittunt
334 4139 362 4190 id
380 4141 452 4204 quod
470 4142 543 4206 cogit
560 4141 630 4190 ratio
651 4139 738 4204 credi,
757 4141 857 4190 solstiti
875 4138 971 4192 diebus
987 4135 1133 4188 accedente
1152 4135 1209 4186 sole
1227 4147 1296 4198 pro·

150 4239 217 4302 pius
242 4238 374 4286 verticem
397 4235 505 4299 mundi,
530 4240 646 4300 angusto
671 4234 740 4283 lucis
759 4234 876 4299 ambitu,
902 4233 1026 4284 subiecta
1044 4236 1133 4281 terres
1153 4230 1296 4288 contlpuos

151 4329 214 4381 dies
241 4331 341 4382 habere
368 4332 442 4379 senis
469 4318 623 4394 mensibus,
652 4329 793 4392 noctisque
818 4327 959 4378 ediverso
978 4326 1013 4377 ad
1036 4327 1159 4376 brumam
1182 4325 1295 4374 remoto.

151 4426 234 4487 Quod
252 4425 311 4478 fieri
327 4428 355 4476 in
372 4426 463 4476 insola·
479 4426 567 4490 'l'hyle
585 4421 705 4492 Pydssos
721 4423 901 4474 Massiliensis
919 4421 1038 4472 scribit·
1065 4418 1107 4472 Gt'.
1125 4418 1162 4485 11,
1179 4421 1232 4483 si,
1250 4418 1297 4469 ubi

149 4520 261 4570 Plinius
278 4521 449 4585 inaequalem
468 4519 571 4572 dierum
588 4519 788 4586 longitudinem
805 4518 944 4583 explicare
961 4522 1083 4568 conatur.
