3530 5374
1303 501 1322 566 9

273 679 379 746 Multo
401 677 567 744 difficilius
591 687 642 746 est
664 681 877 758 constituere,
905 676 1037 762 quando
1059 675 1210 762 dialogus
1232 693 1324 739 corn-

181 792 314 878 ‘positus
336 793 388 854 sit
431 789 567 854 Ridens
589 792 674 855 enim
698 790 732 876 (l.
754 789 774 854 l.
796 811 828 874 p.
851 788 889 852 X
911 789 999 872 sqq.)
1026 790 1089 852 iem
1119 787 1195 851 Tito
1217 789 1324 870 impe-

190 909 281 967 rante
293 923 365 967 eum
385 900 507 968 editum
520 922 593 968 esse
605 903 797 980 arbitratum
819 909 933 966 contra
945 899 1081 964 linceius
1092 899 1129 984 (l
1141 899 1161 963 l.
1173 921 1205 986 p.
1213 897 1324 982 XIV.)

190 1013 358 1099 probabile
381 1034 454 1080 asse
477 1013 567 1080 ducit
590 1013 755 1100 dialogum
778 1015 934 1100 scriptum
964 1033 1038 1078 esse
1060 1012 1120 1077 sub
1142 1012 1239 1076 finem
1261 1013 1324 1074 im-

191 1127 272 1208 perii
283 1125 470 1208 Domitiani,
493 1135 530 1190 ut
552 1109 672 1212 exigno
694 1125 866 1192 intervallo
889 1124 990 1190 distet
1010 1124 1093 1190 liber
1114 1123 1156 1188 de
1167 1123 1325 1210 Agricola

193 1234 311 1319 editus3
344 1236 551 1322 Nipperdeiea
579 1246 687 1302 autem
711 1236 784 1322 (1.1.
807 1235 1010 1322 p.v111sq.)
1033 1237 1118 1301 circa
1146 1235 1232 1301 idem
1254 1236 1325 1300 fere

191 1357 317 1433 tempus
339 1368 405 1432 quo
427 1347 615 1434 Agricolam
639 1357 673 1412 et
684 1346 891 1413 Germaniam
915 1347 1079 1432 dialogum
1101 1366 1233 1430 quoque
1252 1344 1325 1410 edi-

191 1467 258 1524 tum
281 1481 354 1525 esse
377 1462 559 1540 existimat3
588 1459 753 1522 Httbncrus
775 1480 854 1524 vero
878 1458 961 1542 („nu
984 1457 1118 1524 Tacitus
1147 1457 1322 1543 Agricola“

191 1569 327 1636 Hermes.
340 1549 362 1636 1'.
386 1593 418 1656 p.
434 1572 640 1652 Aes-448.)
673 1570 861 1658 Agricolam
892 1579 925 1636 et
953 1570 1159 1636 Germaniam
1194 1567 1325 1656 dialogo

190 1691 283 1768 putat
295 1685 516 1769 praecessisse
531 1683 579 1767 ¹⁴).
603 1682 746 1748 Hessius
764 1685 871 1768 igitur,
894 1691 1123 1748 cumnostrum
1135 1684 1325 1766 scriptorem

191 1815 274 1859 anno
297 1796 347 1860 58.
369 1817 400 1880 p.
415 1793 491 1859 Chr.
514 1793 643 1860 demum
666 1814 740 1859 esse
761 1802 871 1858 natum
895 1793 992 1875 dicat,
1014 1814 1077 1857 non
1100 1795 1214 1856 mirum
1237 1791 1326 1876 quod

191 1905 309 1970 Ritteri
331 1908 524 1970 sententiam
547 1907 676 1987 reiciat3
704 1925 777 1970 narn
799 1907 903 1990 magis
925 1904 1110 1980 absolutum
1133 1913 1222 1969 certe
1243 1905 1325 1975 arti-,

190 2020 297 2082 ficium
320 2027 371 2083 ast
393 2017 552 2102 dialogus,
575 2039 672 2100 quam
695 2025 731 2082 ut
753 2019 867 2103 perfici
885 2019 1030 2102 potuerit
1051 2017 1093 2082 ab
1116 2015 1325 2082 adolescente

191 2129 327 2195 duorum
351 2138 385 2194 et
407 2131 522 2215 viginti
544 2149 716 2210 annorum;
740 2138 773 2194 et
795 2131 857 2214 ipsi
870 2131 1088 2195 consentimus
1107 2149 1178 2193 cum
1191 2127 1325 2207 Haasio,

192 2244 247 2324 qui
269 2242 428 2306 infirmum
456 2239 631 2306 admodum
661 2250 886 2327 argumentum
908 2241 1054 2328 appellat
1077 2240 1111 2324 (l.
1135 2239 1153 2304 l.
1176 2261 1207 2325 p.
1229 2237 1325 2302 XIV.

191 2359 298 2418 annot.
323 2352 405 2436 59.)‚
435 2350 523 2436 quod
547 2373 590 2416 ex
613 2351 764 2417 iuvenilis
794 2355 912 2418 aetatis
935 2350 1133 2417 abundantia
1155 2360 1189 2416 et
1209 2352 1325 2414 imma-

191 2467 324 2530 turitate
346 2484 474 2530 srnnere
497 2463 601 2528 voluit
617 2464 774 2530 Rittcrus.
811 2463 928 2547 Neque
950 2483 1030 2528 vcro
1046 2465 1151 2528 minus
1166 2464 1326 2526 infirmum

192 2584 244 2644 est
265 2575 347 2642 illud
357 2575 567 2661 Nipperdeii:
591 2575 682 2658 „Vor
693 2577 859 2640 Domitian
880 2575 966 2640 lrann
989 2597 1024 2640 cr
1045 2575 1135 2640 nicht
1157 2573 1325 2660 gaschrie·

191 2689 363 2770 benaein,
392 2687 435 2754 de
462 2687 531 2754 sich
554 2686 688 2752 Tacitus
716 2687 770 2752 fuir
797 2687 851 2752 die
872 2687 962 2770 Zeit,
990 2689 1023 2751 in
1052 2685 1179 2752 welche
1209 2707 1246 2752 er
1273 2685 1327 2750 die

191 2797 426 2884 Unterredung
447 2806 541 2880 aetat,
566 2797 746 2879 leucha,
769 2819 795 2862 c.
821 2802 836 2862 l
861 2799 911 2864 als
933 2801 1052 2862 incenis
1074 2799 1239 2863 admodum
1264 2797 1327 2864 be-

191 2910 354 2976 zeichnet:
377 2929 415 2974 so
437 2909 563 2995 spricht
583 2909 664 2976 aber
677 2909 838 2974 Niemend
855 2931 920 2974 von
941 2909 1022 2991 sich,
1045 2909 1104 2974 der
1127 2917 1194 2974 erst
1214 2907 1328 2974 sieben

192 3022 273 3090 oder
305 3022 381 3086 aoht
406 3021 508 3096 dabra
531 3020 615 3086 iilter
641 3021 819 3108 geworden
849 3023 921 3087 ist.“
966 3003 1096 3086 Etenim
1118 3023 1146 3087 si
1167 3043 1252 3086 anno
1276 3021 1326 3084 54.

506 3213 1327 3223 ——m——ss——ffl

191 3337 219 3384 in
237 3333 285 3384 der
303 3334 392 3398 ainige
408 3331 579 3384 bedentende
596 3336 627 3382 in
642 3332 703 3383 dem
716 3333 815 3398 Dialog
833 3333 1003 3384 austratenda
1018 3333 1084 3384 oder
1094 3332 1171 3383 darin
1187 3332 1326 3384 erwcunte

190 3425 443 3478 Persiinlichlreiten
469 3442 520 3476 uns
542 3428 701 3492 vorgefflhrt
725 3426 850 3492 werden,
885 3428 934 3476 mit
955 3426 1016 3476 dem
1040 3427 1115 3477 Tone
1142 3425 1198 3476 und
1221 3425 1327 3476 Urthsil

190 3499 420 3587 tillcreinstlmmt,
449 3524 499 3571 mit
521 3521 644 3573 welchen
669 3521 781 3572 Tacitus
810 3519 949 3571 diesclben
974 3523 1001 3570 in
1032 3523 1125 3571 seinen
1148 3519 1327 3572 Geschichts-

189 3615 312 3666 buchern
331 3614 556 3666 characteristic.
582 3615 642 3676 Qua
659 3617 795 3668 sententie
812 3617 839 3665 in
851 3615 986 3680 Vipstano
1004 3614 1136 3680 Messala,
1154 3615 1236 3680 Eprio
1249 3615 1327 3667 Mar-

190 3711 275 3776 cello,
298 3711 379 3762 Vibio
403 3709 499 3776 Crispo
524 3712 709 3762 demonstrata
733 3711 805 3762 idem
824 3712 959 3775 lucratur,
987 3710 1058 3774 quod
1077 3711 1280 3763 Weinlrauliius
1300 3715 1329 3761 et

190 3807 360 3858 Wdlillinius
377 3823 414 3858 ex
431 3811 562 3858 sermonis
579 3812 678 3858 natura
694 3807 915 3861 enucleaverunt.

280 3917 311 3986 ¹⁴)
329 3920 389 3980 Quo
407 3920 489 3970 modo
507 3923 554 3986 qui
573 3923 611 3970 lta
628 3920 805 3986 iudicaverit,
828 3919 966 3986 dialogum
984 3925 1121 3986 tamquam
1140 3921 1328 3983 „stilistisches

191 4011 523 4066 Glaubensbekenntniss“
543 4014 580 4080 (p.
599 4013 671 4080 447.)
691 4017 815 4079 accipere
832 4018 933 4080 possit,
951 4015 1076 4078 equidem
1094 4028 1205 4080 prorsus
1222 4029 1327 4080 nequeo

189 4109 358 4175 intellegere.
377 4137 410 4146 -
442 4091 585 4174 Teuffelias
603 4109 736 4176 „Abhdlg
752 4111 828 4160 uber
846 4109 992 4162 Sallustius
1016 4107 1072 4158 und
1090 4108 1218 4160 Τοιοίοοειι
1235 4125 1261 4175 p.
1281 4111 1326 4160 26:

191 4205 264 4268 „Der
280 4203 416 4270 Freimut‚
442 4203 561 4255 welcher
584 4206 612 4254 in
627 4202 675 4254 der
694 4203 797 4255 Schrift
813 4204 951 4255 bewiesen
969 4205 1006 4254 ist
1023 4199 1126 4267 spricht
1143 4204 1188 4252 sur
1205 4204 1248 4254 die
1266 4201 1327 4252 Ab·

189 4298 303 4364 fessnng
321 4301 400 4348 uuter
418 4300 505 4348 ciuem
523 4297 623 4348 milden
641 4297 795 4364 lingonica,
815 4301 887 4348 etwa
904 4301 984 4346 unter
1002 4297 1094 4362 Titus,
1113 4297 1138 4347 J.
1150 4277 1198 4363 81,
1218 4295 1284 4348 oder
1300 4299 1328 4346 in

190 4392 241 4444 der
257 4393 359 4444 latntes
376 4393 601 4458 chlerungsasit
617 4390 808 4456 vespasiana,
831 4389 979 4458 epimone
1002 4387 1034 4440 ia
1051 4387 1103 4442 den
1121 4393 1208 4444 oden
1224 4389 1328 4460 (quien)

189 4484 297 4544 ὄψου
314 4484 361 4542 dee
376 4485 549 4543 Demtam‘.
851 4488 853 4492 ’
