3530 5374
1317 503 1335 565 7

199 695 312 738 munus
334 673 377 738 ab
400 693 440 738 eo
462 671 591 736 illorum
622 678 804 756 temporum
832 691 923 737 more
946 679 1074 758 gestum
1098 695 1172 739 esse
1195 693 1336 739 consen-

199 795 327 848 taneum
350 793 410 848 est.

281 895 494 960 Firmioribus
512 897 576 958 iam
594 893 773 958 rationibus
789 915 828 958 ea
840 896 950 978 opinio
964 897 1084 969 nititur,
1098 917 1171 961 eum
1188 917 1273 962 anno
1286 899 1335 962 79.

198 1029 228 1093 p.
252 989 327 1074 Chr.
357 1015 581 1090 quaestorem,
619 1004 738 1070 deinde
766 1027 850 1070 anno
878 1009 928 1068 81.
951 1029 982 1091 p.
1006 1007 1081 1072 Chr.
1111 1007 1250 1072 aedilem
1279 1018 1337 1073 aut
1432 1023 1434 1031 ⁴

199 1120 360 1184 tribunum
383 1117 489 1201 plebis
510 1117 622 1182 fuisse.
666 1117 750 1180 Tum
771 1117 959 1182 Domitiano
990 1120 1188 1203 imperante,
1218 1128 1254 1184 ut
1275 1141 1337 1185 au-

199 1229 288 1294 nales
310 1235 472 1294 testantur
494 1226 574 1310 (XI,
590 1227 662 1310 11.),
685 1226 1013 1311 quindecimvirorum
1026 1228 1164 1314 collegio
1187 1230 1336 1315 adscrip-

198 1351 250 1408 tus
261 1341 299 1425 ¹⁰)
312 1340 407 1406 simul
418 1348 605 1425 praeturam
617 1359 702 1403 anno
714 1341 765 1404 88.
776 1317 808 1424 p
821 1339 897 1404 one
910 1339 1148 1405 administravit
1160 1341 1208 1425 ¹¹).
1231 1341 1337 1406 Prae-

199 1464 270 1519 tura
291 1454 423 1518 functus
451 1473 510 1538 per
540 1451 787 1535 quadriennium
818 1451 924 1516 Roma
960 1452 1043 1516 afuit
1073 1451 1167 1538 (Agr.
1190 1453 1256 1536 45.)
1280 1461 1337 1518 aut

198 1565 327 1652 legatus
349 1564 487 1650 legionis
509 1573 582 1646 aut,
616 1564 645 1628 si
668 1562 702 1626 id
723 1583 840 1626 munus
862 1565 926 1626 iam
949 1572 1025 1626 ante
1046 1573 1232 1646 praeturam
1255 1565 1336 1629 sub-

198 1679 281 1741 ierat
303 1675 358 1759 (cf.
379 1675 465 1738 Ann.
488 1673 532 1752 ll,
555 1674 638 1758 36.)‚
673 1673 802 1759 legatus
824 1693 884 1758 pro
906 1684 1059 1758 praetore
1081 1678 1114 1737 in
1136 1677 1336 1759 provinciam

199 1789 240 1854 ab
261 1790 459 1872 imperatore
481 1787 600 1850 missus
623 1782 794 1870 (Nipperd.
807 1782 827 1848 l.
839 1785 859 1848 l.
870 1806 902 1869 p.
914 1784 977 1866 vi;
995 1786 1036 1849 ef.
1048 1785 1149 1850 Haas.
1159 1786 1180 1848 l.
1192 1786 1212 1850 l.
1223 1808 1254 1871 p.
1262 1786 1335 1870 Χ.).

199 1900 382 1964 Aiunesta
408 1897 586 1962 Domitiani
616 1896 850 1976 dominatione,
883 1897 973 1979 quod
1006 1917 1091 1981 quae
1116 1908 1244 1962 mutare
1270 1917 1337 1962 non

197 2019 311 2097 posset
333 2009 462 2074 silentio
484 2029 524 2073 ao
552 2011 711 2094 patientia
740 2007 918 2087 tolerabat,
952 2009 1063 2074 salvus
1098 2011 1335 2093 incolumisque

199 2124 376 2207 permansit
398 2120 490 2207 (Agr.
513 2121 542 2183 9.
566 2119 609 2201 3.)
627 2119 672 2200 ¹²).
702 2118 832 2183 Deinde
853 2139 874 2181 a
895 2119 1007 2183 Nerva
1028 2139 1113 2184 anno
1137 2122 1187 2184 97.
1209 2141 1242 2204 p.
1260 2119 1335 2185 Chr.

203 2315 267 2322 ——-
278 2314 460 2320 ..-----——
471 2313 580 2318 --—-----
591 2313 598 2317 -
609 2313 618 2318 -
627 2309 1010 2318 ----——-—---—-—----·---
1019 2313 1336 2319 .--—---—-—-..--

197 2409 224 2482 d.
236 2432 312 2483 Rom.
325 2430 527 2482 Alterthiimer“
547 2431 595 2496 III,
615 2431 640 2495 i,
658 2432 709 2482 350
722 2429 788 2496 sqq)
807 2433 917 2496 scimus,
934 2443 1079 2494 numquam
1097 2428 1151 2478 illis
1169 2431 1336 2494 temporibus

199 2528 320 2592 leglenes
337 2526 444 2577 locatae
464 2528 584 2590 luerunt,
604 2526 686 2590 a'tque
705 2527 771 2592 ipsis
785 2526 873 2604 Taciti
891 2526 981 2576 verbis
995 2525 1070 2592 (Agr.
1082 2525 1117 2590 9.)
1129 2525 1239 2576 credere
1258 2526 1336 2590 cogi-

199 2636 258 2672 mur
276 2621 341 2670 nihil
358 2620 504 2686 Agricolae
521 2622 575 2670 nisi
593 2619 851 2671 administrationem
870 2621 1027 2684 provinciae
1047 2618 1336 2683 Aquitaniaeinluuc·

198 2719 255 2766 tum
273 2717 366 2766 misas.

286 2827 318 2894 ¹⁰)
336 2825 436 2878 Omnes
461 2828 518 2877 lere
533 2825 662 2878 illustres
686 2830 738 2877 viri
761 2829 787 2875 in
811 2827 1016 2892 magistratibus
1035 2828 1137 2877 versati
1159 2839 1209 2892 per
1230 2825 1336 2877 litteras

199 2926 257 2974 sira
274 2923 390 2974 tabellas
407 2925 577 2988 imperatoris
596 2920 768 2973 sacerdotum
786 2921 908 2986 collegiis
932 2927 963 2972 ut
987 2925 1180 2987 cooptarentur
1197 2935 1336 2972 commen-

199 3015 258 3069 dari
274 3019 406 3070 solebant.

285 3136 318 3203 ¹¹)
336 3138 520 3202 Intervallum,
537 3136 610 3202 quod
628 3141 698 3188 inter
715 3137 881 3188 aedilitatem
893 3143 942 3187 aut
954 3138 1120 3188 tribunatum
1134 3141 1162 3186 et
1179 3141 1336 3202 praeturam

199 3235 364 3298 intercessit,
389 3233 505 3285 fumasse
524 3231 720 3284 dubitationem
739 3235 902 3284 excitaverit
927 3237 955 3282 et
972 3227 1081 3284 Haaao
1100 3231 1129 3296 (l.
1145 3229 1162 3280 l.
1178 3243 1204 3295 p.
1220 3229 1264 3280 IX
1283 3229 1335 3295 sq.)

199 3341 292 3376 ansam
310 3326 481 3390 praebuerit,
504 3331 535 3376 ut
552 3326 677 3377 Tacitum
695 3341 765 3376 anno
785 3326 826 3376 68.
845 3339 871 3391 p.
891 3324 953 3376 Chr.
971 3328 1064 3375 natum
1082 3338 1143 3374 esse
1168 3329 1242 3376 recte
1260 3325 1336 3374 iudi-

199 3423 309 3470 caverit.
345 3418 401 3471 Sed
419 3434 581 3484 quamquam
600 3419 692 3470 ordine
711 3421 845 3470 honorum
863 3425 990 3469 accurate
1008 3423 1118 3468 servato
1142 3420 1252 3482 triginta
1274 3421 1337 3468 anni

199 3517 227 3563 in
244 3529 276 3564 eo
295 3517 341 3578 qui
362 3519 516 3578 praeturam
538 3520 695 3580 capesseret
718 3507 938 3578 requirebantur,
968 3518 1057 3564 tamen
1076 3527 1129 3563 non
1148 3527 1260 3564 necesse
1279 3515 1337 3562 erat

200 3623 249 3658 suo
272 3623 406 3673 quemque
430 3623 500 3658 anno
524 3612 712 3673 magistratum
737 3607 926 3658 administrari.
963 3605 1008 3658 Sic
1026 3606 1188 3672 Septimium
1205 3606 1337 3658 Severum

199 3705 285 3756 altero
311 3709 340 3754 at
365 3707 502 3756 tricesimo
526 3707 624 3754 aetatis
650 3719 720 3754 anno
748 3703 783 3754 ad
805 3708 961 3768 praeturam
988 3705 1138 3754 accessisse
1168 3706 1337 3768 compertum

198 3798 338 3854 habemns.
373 3798 495 3864 Denique
514 3799 695 3864 ipee'l'aoitua
714 3813 784 3848 anno
803 3801 844 3850 97.
864 3812 890 3862 p.
903 3795 965 3846 Chr.
985 3796 1093 3848 demum
1112 3797 1146 3848 ad
1166 3799 1336 3848 consulatum

199 3896 339 3958 pervenit,
358 3908 439 3958 quem
455 3908 504 3958 per
522 3898 639 3944 aetatem
658 3897 731 3944 certe
750 3896 881 3943 maturius
900 3894 1029 3955 consequi
1046 3895 1181 3956 potuerat.

284 4010 317 4079 ¹²)
335 4014 460 4078 Iniquum
478 4027 539 4064 esse
556 4029 608 4066 nec
625 4029 687 4066 cum
705 4015 794 4064 Taciti
810 4013 930 4064 moribus
949 4012 1088 4062 concssiari
1105 4024 1188 4076 posse
1206 4011 1273 4061 mihi
1291 4013 1336 4060 vi·

199 4107 279 4160 detur
303 4107 431 4159 iudicium
457 4105 591 4172 Teuffelii:
621 4109 706 4175 „Bald
731 4109 801 4159 nach
818 4107 964 4173 Agricolas
981 4107 1059 4158 Tude
1086 4104 1192 4156 seheint
1215 4119 1245 4155 er
1268 4105 1337 4154 nach

198 4203 268 4253 Rom
285 4203 504 4270 nurtokgelrehrt
521 4219 554 4254 aa
573 4208 640 4270 sein,
658 4203 732 4255 daer
743 4202 861 4276 Agntb.
878 4204 937 4254 sich
955 4205 1029 4278 einer
1046 4199 1338 4266 gewisaenillitsclruld

199 4313 234 4350 an
258 4299 320 4350 dem
338 4297 415 4349 Tode
438 4298 486 4349 des
505 4297 623 4364 jungam
641 4296 798 4362 Helvidius,
822 4297 942 4348 welcber
965 4297 1069 4348 93-94
1084 4309 1112 4344 ιι.
1130 4292 1192 4344 Glrr.
1211 4294 1337 4359 eriolpte,

198 4393 311 4457 anklagt
329 4394 406 4459 (mox
425 4421 457 4432 ···
475 4393 544 4443 nach
563 4391 707 4458 Agricolas
725 4392 802 4444 Tude
820 4419 853 4430 -
872 4396 981 4442 nostrae
1007 4390 1112 4440 duxere
1129 4387 1288 4439 Helvidium
1310 4391 1338 4438 in

198 4500 335 4538 carcerem
352 4471 464 4553 manus,
486 4502 536 4538 nos
554 4487 669 4538 Maurici
685 4489 846 4551 Rusticique
863 4488 955 4551 rbus,
980 4495 1031 4536 nos
1052 4486 1190 4536 innocenti
1206 4486 1337 4549 sangiune
