3530 5374
1274 531 1313 595 11

183 707 278 794 (Epp.
292 707 349 788 IV,
375 707 439 791 13.)
463 729 535 772 eum
558 707 790 772 instantissime
812 714 923 792 rogat,
945 713 982 770 ut
1004 729 1047 771 ex
1070 708 1166 791 copia
1187 701 1315 768 studio-
1370 683 1376 692 ’

182 841 307 898 sorum,
330 840 416 902 quoe
437 818 481 882 ad
502 839 576 883 eum
600 839 644 882 ex
666 815 880 882 admiratione
900 819 1021 902 ingenii
1044 817 1226 896 conveniat,
1249 815 1315 878 cir-

182 932 370 1016 cumspiciat
386 938 635 1015 praeceptores,
660 950 678 993 e
697 927 815 1011 quibus
833 951 931 993 unum
949 931 1039 994 cives
1056 930 1108 994 sui
1124 927 1315 992 conducant.

181 1041 307 1108 Deinde
329 1042 416 1107 idem
442 1044 476 1106 in
499 1041 638 1126 epistola
660 1040 701 1104 ad
721 1041 902 1105 Maximum
925 1062 1019 1106 suum
1041 1039 1119 1104 dato
1141 1038 1226 1122 (IX,
1250 1037 1316 1119 23.)

181 1155 281 1220 refert
314 1173 489 1238 ,ramasse
512 1153 660 1218 Tacitum
683 1151 810 1218 sedisse
833 1172 945 1218 secum
968 1150 1177 1218 Circensibus
1200 1150 1317 1236 proxi·-

182 1268 239 1330 mis
264 1268 407 1350 equitem
430 1265 630 1346 Romanum
661 1263 746 1336 huuc
773 1272 849 1350 post
871 1267 978 1348 varios
1010 1263 1221 1345 eruditosque
1244 1282 1316 1325 ser-

181 1399 290 1444 mones
303 1379 497 1460 requisisse:
518 1376 651 1442 ltalieus
671 1397 706 1440 es
724 1397 764 1438 an
781 1373 1015 1461 provincialis?
1037 1396 1075 1440 se
1091 1369 1316 1459 respondisse:

180 1492 264 1554 nosti
287 1509 357 1569 me,
388 1497 421 1552 et
444 1489 575 1572 quidem
599 1508 641 1553 ex
665 1487 792 1552 studiis.
825 1486 879 1550 Ad
902 1485 965 1550 hoo
986 1487 1095 1550 illum:
1124 1483 1258 1550 Tacitus
1282 1503 1317 1548 es

181 1621 220 1664 en
242 1599 417 1666 Plinius?“
462 1599 614 1684 Denique
637 1601 768 1684 saepius
792 1601 824 1662 in
846 1601 1051 1664 testamentis
1074 1598 1169 1664 heres
1191 1595 1317 1660 seribe-

180 1709 288 1790 batur,
312 1712 404 1776 euius
426 1711 474 1774 rei
496 1709 716 1774 testimonium
740 1707 895 1772 habemus
912 1706 1104 1770 inDesumii
1120 1713 1316 1774 testamento

180 1820 377 1904 (,Zeitschr.
408 1821 430 1885 f.
459 1820 569 1907 gesch.
598 1818 932 1886 Rechtswissensoh.“
962 1817 1043 1882 XII
1072 1840 1103 1903 p.
1128 1820 1187 1882 301
1220 1818 1316 1902 sqq).

181 1932 318 1998 Tantam
346 1942 456 1998 eutem
484 1933 605 1998 famam
637 1913 786 1996 Tacitum
815 1951 880 1996 non
908 1931 1015 1996 solum
1046 1933 1086 1995 iis
1117 1931 1320 1994 orationibus

180 2043 335 2129 adeptum
366 2063 456 2124 esse,
487 2063 569 2125 quas
595 2043 668 2128 ipae
696 2040 827 2126 publice
856 2038 1026 2119 habuerit,
1061 2038 1122 2104 sed
1151 2041 1249 2104 etiam
1278 2040 1317 2102 iis

181 2156 325 2239 scriptis,
347 2174 433 2237 quae
454 2162 619 2236 tamquam
638 2152 764 2216 fruetus
786 2150 965 2217 studiorum
987 2153 1020 2213 in
1041 2151 1147 2216 lucem
1168 2148 1317 2230 ediderit,

182 2285 255 2332 cum
278 2286 320 2332 ex
342 2264 415 2330 aliis
437 2265 536 2329 Plinii
559 2263 706 2350 epistolis
729 2261 818 2345 (VII,
842 2263 900 2344 203
923 2261 1016 2344 VIII,
1040 2261 1081 2344 i.)
1105 2271 1173 2326 tum
1197 2283 1240 2328 ex
1261 2259 1319 2331 illo

180 2376 277 2442 modo
305 2377 438 2442 laudata
466 2375 667 2461 apparet¹⁵).
711 2373 780 2440 Sed
808 2376 959 2458 quoniam
990 2373 1070 2438 nihil
1090 2379 1223 2457 praeter
1246 2369 1318 2436 dia-

180 2489 291 2574 logum
314 2487 540 2570 ncbisrestut,
563 2508 649 2571 quae
671 2488 704 2550 iu
720 2487 760 2550 iis
777 2493 932 2550 contenta
952 2485 1073 2548 fuerint
1094 2482 1229 2548 indicari
1252 2504 1317 2547 non

183 2609 294 2686 potest
309 2599 356 2684 ¹⁶).
1149 2603 1164 2632 ·

185 2791 464 2801 ——--—---——---
475 2791 755 2798 ----.-—----——--...-
762 2791 837 2796 —-----
845 2791 886 2795 ---
892 2788 1319 2796 -ἠψ--ψ-η--ῄ

269 2890 303 2958 ¹⁵)
322 2889 447 2945 Haustus
468 2892 486 2942 1.
509 2892 526 2942 1.
550 2905 576 2956 p.
594 2891 658 2944 XII.
685 2896 775 2942 annot.
794 2892 835 2941 tu.
860 2891 961 2942 multos
987 2889 1108 2940 ePlinio
1131 2889 1207 2939 locos
1231 2887 1319 2952 affert,

185 2987 283 3050 quibus
302 2987 392 3038 studia
408 2990 555 3052 praecipue
575 2989 694 3038 oratoria
711 2967 896 3052 intellegenda
914 2999 974 3036 esse
991 2985 1129 3050 probatur.

269 3080 303 3146 ¹⁶)
322 3079 486 3150 Fulpentius
510 3081 579 3147 („de
603 3082 734 3132 abstrusis
757 3079 948 3132 sermonibus“
972 3096 998 3148 p.
1018 3079 1123 3129 XXIV.
1141 3077 1182 3128 ed.
1201 3075 1320 3142 uereri)

182 3177 280 3226 librum
311 3178 470 3227 facetiarum
495 3178 590 3226 Tacito
619 3177 762 3241 adscribit,
792 3191 871 3240 quem
896 3191 912 3242 a
936 3176 1032 3224 'I'acIto
1056 3188 1116 3224 esse
1142 3175 1321 3246 compositum

184 3269 311 3324 Haustus
323 3272 352 3337 (1.
364 3273 381 3321 l.
393 3287 419 3336 p.
429 3271 517 3336 XIV.)
531 3285 585 3321 non
602 3271 779 3334 improbabile
794 3271 954 3332 arbitratum
973 3275 1054 3332 atque
1070 3268 1141 3318 idem
1156 3264 1322 3334 Wdlsilinius

183 3367 214 3432 (l.
232 3367 250 3418 l.
269 3382 295 3431 p.
315 3367 369 3432 97.)
388 3370 489 3418 sentire
507 3367 624 3416 videtur.
661 3361 925 3418 contremuimus
942 3365 970 3427 (l.
990 3363 1007 3412 l.
1031 3376 1058 3427 p.
1077 3361 1149 3426 440.)
1174 3363 1321 3426 quidquam

184 3462 258 3526 quod
276 3460 309 3511 ad
329 3451 415 3512 artem
432 3461 596 3512 rhetoricam
613 3459 853 3524 spectetTacitum
872 3459 1015 3522 scripsisse
1032 3461 1124 3522 negat,
1141 3455 1214 3520 quod
1232 3455 1322 3519 aliqua
1395 3499 1400 3522 ,

183 3558 280 3607 saltem
306 3557 402 3605 notitia
426 3558 484 3605 eius
508 3557 548 3604 rei
571 3569 607 3604 ex
632 3556 793 3618 antiquitate
817 3551 852 3602 ad
878 3567 928 3603 nos
952 3554 1138 3617 pervenisset;
1163 3536 1322 3602 facetiarum

182 3652 280 3700 librum
299 3650 333 3701 ad
350 3635 609 3716 reliqua'Fulgentii
626 3653 744 3700 auctoris
762 3649 962 3700 mendacissimi
986 3647 1155 3699 incredibilia
1178 3647 1322 3710 pertinere.

183 3744 314 3796 Similiter
332 3741 476 3808 Teuffeliue
492 3745 509 3793 l.
528 3743 545 3792 l.
564 3759 590 3808 p.
601 3746 642 3794 39.
660 3743 754 3810 Recte,
773 3745 875 3808 opmor.
894 3743 1031 3792 Immerito
1051 3746 1141 3790 autem
1155 3734 1323 3805 Wdlffliieius

184 3839 219 3890 ad
239 3841 391 3904 opinionem
410 3854 496 3904 suam,
514 3839 638 3888 Tacitum
652 3841 734 3888 etiam
751 3841 926 3888 recitationes
940 3836 1065 3902 edidisse,
1084 3835 1211 3889 tuendam
1229 3833 1323 3884 laudat

184 3935 295 3996 Quintil.
316 3933 357 3998 X,
385 3933 477 3998 1,104:
502 3936 646 3998 „superesi
670 3933 759 3984 adhuc
784 3937 811 3983 et
835 3937 950 3982 exornat
968 3933 1065 3980 aetatis
1082 3933 1192 3979 nostrae
1209 3929 1323 3994 gloriam

182 4031 226 4080 vir
244 4029 415 4080 soeculorum
432 4030 561 4080 memoria
572 4026 679 4094 dignus,
698 4030 743 4090 qui
760 4029 823 4076 olim
835 4026 1024 4090 nominabitur,
1043 4039 1114 4076 nime
1132 4021 1322 4088 intellegitur“.

183 4125 281 4174 Totius
293 4125 364 4174 enim
376 4123 431 4174 loci
442 4126 572 4173 contextu
588 4125 709 4188 cogimur
722 4127 752 4172 ut
767 4123 801 4172 de
814 4123 904 4186 aliquo
916 4135 1007 4172 rerum
1020 4122 1152 4184 scriptore
1164 4101 1323 4182 cogitemus.

184 4218 240 4270 Sed
257 4221 381 4282 quamvis
398 4222 476 4283 grato
500 4220 589 4267 animo
615 4219 742 4267 eximiam
759 4217 833 4266 illam
851 4216 961 4267 laudem
979 4217 1074 4265 'l'acito
1091 4227 1182 4264 rerum
1200 4215 1324 4276 scriptori

183 4312 318 4364 vindicari
334 4316 489 4378 pateremur
509 4339 538 4351 -
559 4314 590 4360 ut
606 4308 730 4363 Ritierus
748 4311 777 4376 (1.
790 4311 807 4358 l.
823 4325 849 4374 p.
861 4305 949 4374 XVI.)
969 4323 1029 4358 eum
1047 4307 1137 4358 locum
1155 4309 1182 4356 in
1200 4307 1323 4357 Tacitum

182 4407 308 4458 refert-
319 4411 409 4458 tamen
423 4407 491 4460 haee
504 4406 758 4470 quoque'sententia
768 4407 874 4454 omnino
888 4401 1026 4452 reicienda
1039 4406 1092 4464 est3
1110 4415 1177 4452 uam.
1185 4401 1324 4465 historiae,

186 4517 250 4554 cum
267 4504 315 4554 ille
333 4503 417 4553 verba
434 4505 542 4568 seripsIt
560 4503 754 4567 QuintiIianus,
772 4501 891 4552 nondum
909 4502 1076 4564 compositae
1095 4503 1185 4562 erant,
1203 4493 1323 4560 intigri-
