3484 5374
1217 515 1260 580 bd

205 691 288 757 Tum
313 663 549 772 Clementis.
571 688 641 772 36.)
664 687 748 754 silvo
769 685 892 752 Bucsni
914 687 1045 772 (Here)
1074 687 1117 752 sb
1140 686 1259 754 Suebis

122 803 313 886 Suebosque
342 802 384 866 nb
415 801 590 866 Cheruscis
615 801 744 864 iniuriis
764 799 1070 882 incursionibusque
1091 797 1259 883 prohiberi

124 915 237 980 Coeecr
259 914 338 980 dicit
360 912 415 998 (Β.
427 912 539 995 uvl,
554 913 627 994 10.).
649 911 796 976 Priscum
820 911 941 976 fumum
962 932 984 975 u
998 907 1137 976 Chattis
1150 909 1258 991 („cum

121 1007 426 1112 quibus'eetemum
449 1023 657 1090 discordsnu‘
684 1023 768 1086 Ann.
796 1021 883 1103 XII,
907 1020 975 1106 28.)
1008 1021 1154 1086 lacessiti
1174 1023 1258 1084 nmi-

119 1147 246 1219 serunt;
270 1140 336 1221 „its
358 1139 414 1221 qui
436 1136 513 1202 olim
534 1135 612 1202 boni
634 1137 797 1218 sequique
815 1133 992 1214 Cherusci,
1024 1153 1110 1197 nunc
1135 1135 1257 1198 inertes

120 1271 157 1314 sc
178 1249 269 1314 stulti
291 1257 467 1314 vocentur:
497 1245 626 1312 Chattis
648 1246 827 1311 victoribus
850 1246 982 1310 fortune
1008 1247 1042 1308 in
1064 1246 1257 1330 sapientium

120 1363 236 1428 cessit“
261 1359 390 1444 (cdd).
413 1355 643 1422 Germanicum
658 1355 699 1421 de
723 1355 898 1421 Cheruscis
920 1356 1137 1440 triumphasse
1161 1355 1256 1438 (Ann.

118 1474 160 1556 ll,
171 1472 237 1555 41.)
260 1492 278 1536 e
294 1467 444 1535 Strabone
466 1487 598 1552 quoque
622 1467 776 1534 discimus
798 1465 891 1550 (VII,
907 1469 935 1546 1,
948 1468 977 1532 3.
990 1470 1020 1531 4.
1032 1489 1063 1552 p.
1076 1467 1147 1530 291.
1161 1467 1256 1550 292).

118 1586 170 1650 Ex
199 1584 256 1649 illo
289 1591 398 1648 eutem
428 1591 576 1666 tompore
605 1601 670 1664 quo
695 1575 896 1646 Cheruscis
918 1578 1074 1644 Romanis
1107 1579 1256 1644 Italicum

118 1718 228 1783 regem
249 1697 424 1782 petierunt,
447 1697 533 1758 vires
559 1713 670 1758 eorum
691 1695 882 1758 imminutae
903 1714 978 1758 esse
995 1691 1256 1778 videntur(Ann.

116 1805 179 1887 XI,
205 1805 244 1870 16
268 1806 339 1890 sq.).

200 1915 352 1982 Furorum
375 1935 456 2001 gens
480 1913 654 1981 Cheruscis
677 1915 888 1999 contermina,
912 1935 996 2000 quse
1014 1915 1143 1980 illorum
1164 1917 1256 1981 rninu

115 2027 210 2092 simul
231 2034 338 2091 tructs
360 2035 426 2106 est,
458 2025 588 2090 enullo
611 2034 743 2111 praeter
765 2025 915 2091 Taciturn
944 2028 984 2109 (o.
1009 2027 1072 2110 36.)
1094 2029 1255 2110 scriptore

117 2147 394 2203 commemoretur.

200 2249 254 2314 Ab
276 2251 315 2314 iis
337 2252 395 2334 qui
417 2251 480 2335 ipsi
504 2247 697 2314 Cimbrorum
718 2253 883 2334 regionem
906 2250 1066 2331 viderunt,
1088 2253 1254 2336 propriam

114 2363 208 2425 huius
232 2362 371 2427 nctioms
384 2360 637 2446 descriptionem
653 2363 821 2446 accepisse
832 2359 966 2426 Tacitus
981 2360 1113 2426 videtur
1123 2363 1163 2442 (c.
1174 2362 1255 2440 37.):

115 2474 245 2554 „Parva
267 2493 352 2536 nuno
373 2473 499 2555 civiles,
522 2471 584 2538 sed
604 2472 846 2558 gloris‘ingens.
868 2473 1256 2557 veterisquefemeelutu

113 2586 255 2670 vestigio
276 2593 418 2666 monent,
441 2594 581 2668 utruque
603 2588 676 2670 ripe
697 2593 806 2649 cestro
827 2605 866 2648 sc
888 2588 1004 2671 sputis.
1027 2605 1165 2670 quorum
1182 2607 1254 2650 urn-

112 2697 184 2760 bitu
205 2717 292 2760 nunc
314 2715 447 2780 quoque
473 2699 617 2761 metieris
644 2697 764 2762 molem
785 2718 966 2782 munusque
997 2699 1105 2784 gentis
1130 2705 1254 2762 ettam

111 2812 223 2894 magni
246 2811 355 2873 exitus
378 2808 502 2872 fldem!
528 2809 602 2873 Huc
625 2811 869 2894 opportunitate
893 2809 994 2873 utitur
1016 2831 1124 2874 rerum
1147 2815 1254 2897 scrip-

111 2931 164 2985 tor
186 2919 230 2984 cd
251 2920 358 3001 bellu,
391 2941 475 3004 quae
498 2920 605 2985 adhuc
636 2941 709 2986 cum
731 2919 903 2986 Germanis
926 2930 1021 3008 geste
1043 2925 1124 3003 sint,
1156 2945 1254 3007 quern

110 3031 305 3096 brevissime
327 3032 538 3097 recensenda.
580 3033 631 3099 Ao
652 3035 788 3118 primum
811 3032 1015 3098 Cimbrorum
1032 3014 1254 3100 ¹incursionem

111 3151 344 3210 commemoret
365 3145 502 3225 fuctum,
526 3163 599 3208 oum
621 3145 896 3210 sexcentesimum
920 3153 954 3209 et
966 3144 1254 3230 quadragesimum
1392 3198 1394 3202 .

109 3277 231 3320 annum
253 3255 332 3320 urbs
354 3263 479 3341 egeret,
503 3253 797 3320 CuecilioMetello
820 3264 853 3318 et
862 3256 996 3339 Papirio
1009 3253 1160 3320 Carbone
1171 3275 1253 3320 eon-

109 3367 238 3432 sulibus
260 3367 366 3450 (quod
388 3369 539 3452 congruit
561 3385 634 3430 cum
654 3367 751 3433 fustis
770 3365 995 3450 Capitoliumn
1018 3365 1136 3430 deinde
1158 3386 1252 3430 men-

109 3483 233 3544 tionem
242 3481 334 3542 inicit
348 3479 480 3542 olods'um
493 3477 614 3562 Papirii
628 3477 779 3542 Carbonis
790 3479 921 3540 emenus
934 3477 1014 3564 (Lis.
1022 3476 1105 3561 Epir.
1119 3474 1254 3542 LXIII:

110 3591 268 3674 „Cimbri
290 3611 371 3675 gens
393 3611 488 3675 vege,
509 3589 735 3675 populabundi
757 3592 791 3652 in
812 3588 979 3674 Illyricum
1001 3599 1178 3656 venerunt:
1210 3591 1253 3656 sb

107 3705 148 3766 iis
164 3702 318 3787 Papirius
332 3699 441 3766 Curbo
456 3700 570 3766 consul
593 3722 665 3765 cum
688 3703 837 3765 exercitu
859 3702 953 3767 fusus
977 3703 1057 3767 est.“
1082 3700 1133 3767 Cf.
1151 3702 1253 3767 Vellei.

107 3812 152 3894 ΙΙ,
179 3816 230 3895 12,
254 3815 291 3896 23
315 3811 416 3877 strab.
439 3812 480 3893 V,
506 3815 535 3895 1,
558 3815 587 3877 8.
610 3834 642 3898 p.
666 3814 767 3896 214),
793 3809 896 3876 Cassii
918 3815 1050 3878 consulis
1073 3817 1127 3895 (ut
1148 3813 1254 3878 Liuius

107 3933 225 3989 auctor
248 3934 298 3991 est
319 3925 403 4009 Epit.
427 3923 546 4006 LXV„
569 3923 704 3990 Cassius
726 3943 791 3988 non
814 3945 835 3988 n
857 3921 1041 4007 Germanis,
1065 3924 1126 3988 sed
1148 3930 1168 3989 a'
1190 3923 1251 3989 Ti-

106 4040 232 4122 gurinis
256 4033 372 4119 Gallis,
393 4057 481 4122 pago
503 4031 741 4118 Helvetiorum,
765 4039 822 4120 qui
844 4037 1013 4101 sciuitute
1036 4045 1251 4119 secesserant,

105 4150 140 4211 in
164 4148 283 4214 finibus
306 4147 519 4236 Allobrogum
543 4169 616 4212 cum
639 4151 788 4213 exercitu
811 4168 927 4212 coesus
950 4155 1009 4215 est.
1053 4145 1146 4212 Idem
1168 4150 1252 4212 scri-

105 4260 156 4324 bit
181 4259 317 4324 Caesar:
342 4258 425 4343 „Hie
446 4280 552 4344 pegus
575 4280 661 4330 unus,
683 4257 896 4344 (Tigurinus),
919 4278 992 4324 cum
1010 4256 1107 4322 domo
1127 4260 1253 4324 exisset

106 4380 239 4457 patrum
260 4378 444 4438 nocherum
465 4371 631 4452 memorie,
653 4369 692 4434 L.
705 4368 855 4436 Cossium
864 4369 1031 4436 consulem
1042 4369 1252 4436 interfecerat

107 4491 142 4548 et
164 4485 234 4550 eius
258 4484 439 4548 exercitum
461 4482 523 4547 sub
545 4483 656 4566 iugum
678 4481 839 4547 miserut“
864 4479 901 4544 Β.
914 4479 965 4546 G.
988 4480 1015 4562 Ι,
1039 4482 1098 4564 123
1121 4480 1164 4544 ol.
1181 4477 1208 4562 1,
1223 4481 1251 4543 7.
