3484 5374
896 1469 945 1564 V.

464 1711 687 1792 Excursus
718 1712 771 1792 de
799 1713 1040 1814 quaestura
1065 1713 1179 1792 Anu.
1207 1712 1288 1808 XI,
1316 1714 1374 1796 22.

837 1981 1000 2016 ψ-
1108 1987 1112 1998 ·

434 2273 473 2339 In
502 2277 655 2339 universa
684 2263 904 2339 Romanarum
935 2277 1165 2358 antiquitatum
1195 2272 1369 2359 disciplina
1402 2272 1491 2338 haud

350 2388 418 2449 scio
436 2406 478 2448 an
496 2385 574 2450 nihil
587 2394 783 2469 quaesturae
801 2387 937 2451 historia
948 2387 1119 2450 obscurius
1136 2388 1328 2450 inveniatur.
1351 2383 1491 2464 Quando

276 2577 279 2582 Ι
351 2499 434 2558 enim
452 2505 631 2580 quaestura
653 2507 724 2562 orta
747 2497 821 2562 est?
856 2496 1036 2562 Continuus
1059 2499 1269 2582 magistratus
1293 2505 1363 2561 erat
1384 2519 1426 2560 an
1448 2495 1490 2561 ad

348 2613 477 2690 tempus
498 2607 651 2672 creatus?
683 2607 715 2670 A
733 2628 798 2690 quo
822 2615 1020 2692 potestatem
1049 2615 1241 2690 quaestores
1265 2607 1492 2694 accipiebant?

349 2716 487 2795 Qualem
525 2719 725 2801 provinciam
764 2728 941 2802 quaestura
980 2717 1304 2804 comprehendebat?
1356 2717 1490 2782 Idemne

348 2831 558 2912 magistratus
591 2835 624 2892 ot
652 2831 812 2893 aerarium
842 2828 1090 2895 administrabat
1120 2837 1153 2894 et
1184 2851 1300 2895 causas
1331 2828 1490 2915 capitales

348 2938 513 3004 iudicabat
535 2961 576 3004 an
594 2942 723 3023 utrique
741 2943 866 3004 muneri
882 2941 1030 3027 singulos
1052 2943 1264 3026 magistratus
1286 2939 1489 3005 tribuamus?

433 3049 567 3116 Adeas
590 3054 799 3134 quaestiones
822 3060 859 3115 ut
879 3055 943 3115 iam
962 3059 1109 3116 veterum
1128 3061 1298 3116 auctorum
1317 3052 1373 3117 alii
1394 3052 1491 3117 aliter

344 3158 594 3247 responderunt,
616 3165 663 3225 ita
685 3160 927 3245 hodiequoque
946 3163 1095 3228 homines
1116 3165 1234 3229 eruditi
1252 3187 1389 3250 prorsus
1404 3169 1489 3230 inter

344 3292 418 3336 sese
441 3270 645 3336 dissentiunt.
689 3271 807 3356 Neque
830 3293 982 3356 umquam
1014 3275 1087 3338 fore
1117 3283 1153 3338 ut
1182 3275 1225 3339 de
1254 3277 1375 3342 haere
1403 3279 1489 3341 inter

344 3403 456 3446 omnes
479 3389 624 3464 constet,
647 3403 712 3448 uno
735 3383 889 3467 exemplo
909 3383 1185 3450 demonstravisse
1208 3389 1289 3451 satis
1310 3389 1380 3452 erit.
1402 3387 1488 3452 Nam

344 3496 400 3576 qui
422 3493 610 3577 bipartitam
632 3494 736 3558 luisse
759 3504 967 3579 quaesturam
990 3496 1191 3562 contendunt
1220 3519 1294 3562 cum
1316 3499 1487 3583 probabile

344 3625 418 3670 csse
446 3613 568 3689 negant
598 3604 699 3687 „dass
723 3608 795 3670 eine
828 3605 894 3669 und
924 3605 1071 3672 diesclbc
1093 3607 1309 3694 Magistratur
1336 3612 1418 3676 awei
1448 3631 1486 3675 so

343 3715 579 3780 verschiedene
602 3715 908 3803 Gesohtiftsaweige
937 3720 971 3781 in
1000 3720 1069 3782 sich
1091 3722 1253 3806 vereinigt
1275 3721 1381 3786 habe:
1412 3724 1486 3786 eine

344 3824 551 3892 Cumulation
573 3849 638 3892 von
659 3827 837 3909 Aemtern,
864 3830 973 3894 woflir
996 3853 1032 3895 es
1053 3835 1087 3894 in
1110 3831 1170 3896 der
1191 3832 1376 3897 romischen
1397 3831 1485 3898 Ver-

342 3937 688 4024 fassungsgeschichte
711 3939 787 4004 kein
808 3944 942 4006 aweitcs
957 3941 1103 4027 Bcispiel
1123 3942 1213 4028 gibt‘⁴
1230 3942 1285 4028 2δῖ)
1306 3981 1347 3992 -
1371 3954 1486 4009 contra

311 4055 317 4073 ·
342 4048 487 4133 Langius
499 4049 550 4114 his
567 4052 648 4136 ipsis
660 4051 769 4116 verbis
784 4050 963 4138 disceptat:
991 4055 1111 4131 „Dicae
1123 4054 1485 4144 Verbindunghetero-

342 4180 443 4245 gener
460 4159 668 4226 Funktionen
690 4164 734 4226 ist
755 4184 837 4248 ganz
858 4167 902 4228 im
915 4161 1031 4230 Geiste
1054 4164 1114 4231 des
1136 4165 1278 4234 iiltasten
1299 4167 1483 4234 rbmischen

342 4341 1075 4356 *Μ--η-
1262 4346 1324 4358 ..Α-.-
1332 4351 1336 4356 .
1351 4351 1445 4357 .-—--
1453 4351 1480 4357 .—

427 4468 474 4534 ¹⁸⁷)
493 4467 533 4520 Of.
553 4466 748 4540 &largitorum
765 4473 782 4522 1.
800 4472 817 4522 l.
838 4473 871 4539 11,
892 4475 948 4524 137.
