3446 5380
1286 499 1348 573 103

202 687 331 760 tamen,
354 687 390 743 ut
411 681 466 743 uni
487 685 626 766 patricio
649 682 889 765 relinqueretur
910 680 1020 763 loeus,
1043 690 1111 746 tres
1133 679 1254 766 plebeii
1277 681 1349 746 cla-

134 821 138 828 ·
199 785 402 855 rissimarum
425 792 619 858 familiarum
641 793 813 858 iuvenibus
835 790 1152 878 praeferrenturm).

291 901 374 966 Tum
402 912 611 986 quaestorum
641 925 810 969 numerum
841 904 948 969 denuo
977 903 1177 989 duplicatum
1209 923 1283 969 esse
1314 905 1348 966 in

200 1014 286 1080 Mota
303 1015 443 1098 epitome
472 1015 609 1099 legimus
626 1013 698 1099 21“);
742 1024 970 1100 „quaestorum
992 1034 1145 1080 numerus
1174 1013 1348 1100 ampliatus

202 1135 271 1208 est,
308 1133 345 1190 ut
367 1135 478 1191 essent
501 1131 605 1192 oot0.“
652 1127 727 1192 Hac
759 1127 890 1212 quidem
913 1131 945 1190 in
966 1149 1004 1192 re
1039 1131 1137 1192 etiam
1170 1135 1300 1212 tempus
1328 1149 1348 1191 a

198 1240 300 1302 Livio
322 1237 500 1302 iudicatum
521 1259 594 1302 cum
623 1241 726 1302 nostri
754 1242 898 1304 auctoris
930 1241 1056 1304 ratione
1085 1239 1169 1303 bene
1198 1240 1347 1302 concinit.

198 1349 335 1414 Etenim
358 1357 433 1413 ante
461 1349 518 1413 illa
542 1351 703 1434 epitomae
726 1350 827 1414 verba
857 1352 939 1416 haee
967 1353 1090 1436 scripta
1121 1357 1214 1414 sunt:
1252 1357 1348 1432 „tunc

198 1463 343 1547 primum
376 1462 517 1548 populus
551 1461 718 1528 Romanus
753 1469 890 1546 argento
921 1465 966 1525 uti
1002 1463 1119 1546 coepit
1165 1459 1281 1526 Umbri
1315 1469 1348 1524 et
1391 1510 1394 1515 .

200 1573 376 1639 Sallentini
399 1575 479 1636 victi
499 1576 532 1636 in
556 1572 754 1637 deditionem
776 1576 904 1657 accepti
927 1575 1031 1636 sonat
1074 1574 1179 1656 Atqui
1200 1575 1347 1658 argentei

200 1687 326 1748 nummi
356 1687 493 1768 primum
527 1706 612 1748 anuo
636 1685 707 1748 269.
736 1706 764 1748 a
788 1683 864 1748 Chr.
899 1683 1026 1748 Romae
1049 1687 1169 1770 signat-i
1192 1681 1346 1766 summ),

201 1804 305 1879 atquo
335 1795 468 1858 Umbris
497 1794 753 1880 Sallentinisque
785 1817 869 1859 auno
901 1797 972 1858 266.
1002 1817 1031 1858 ιι.
1063 1794 1139 1859 Chr.
1174 1795 1347 1860 debellatis
1415 1796 1417 1800 ’

203 1909 309 1972 omnis
331 1906 427 1970 Italia
449 1907 670 1971 Romanorum
694 1910 830 1992 imperio
850 1908 998 1992 parebat.
1043 1907 1104 1970 lllo
1133 1910 1234 1992 igitur
1261 1915 1347 1971 tem-

178 2040 284 2106 ·pore
318 2023 346 2082 si
380 2028 591 2102 quaestorum
627 2040 794 2084 numerum
836 2028 965 2082 auctum
1007 2040 1080 2083 esse
1110 2019 1224 2082 Livius
1257 2018 1346 2106 dicit,

204 2134 326 2218 optime
349 2133 498 2214 congruit
519 2153 591 2194 cum
612 2131 675 2197 hoc
688 2129 794 2194 Taciti
806 2131 896 2195 loco:
922 2129 1156 2216 „stipendiarie
1173 2133 1236 2194 iam
1251 2129 1347 2197 Italia

208 2252 237 2307 et
261 2243 494 2308 accedentibus
517 2243 755 2329 provinciarum
778 2239 1024 2326 vectigalibus.“

289 2353 335 2418 At
365 2355 462 2440 longe
491 2353 622 2417 diversa
657 2361 732 2416 suut
763 2374 847 2436 quae
876 2353 1007 2416 locanes
1033 2353 1138 2434 Lydus
1170 2357 1346 2419 memoriae

203 2464 394 2552 prodit²⁷³):
421 2463 547 2550 „Tqidt
561 2462 727 2552 τρίτονναί
743 2457 1037 2549 διακοσιοστῷτιῦν
1054 2455 1189 2548 ὑπατων
1199 2463 1347 2550 ἐνιαυτῷ,

202 2575 259 2642 ἐντί
283 2579 343 2664 ’τῆς
363 2571 524 2652 ὑπατείας
544 2565 706 2664 ‘quodloo
728 2575 783 2639 καὶ
806 2569 953 2653 Ἰουνίου,
975 2566 1152 2662 κρινάντων
1173 2568 1346 2658 Ῥωμαίων

202 2691 357 2772 πολεμεῖν
368 2693 434 2762 τοῖς
446 2682 682 2775 συμμαχήσασι
695 2678 816 2774 Πιίῤῥῳ
831 2689 877 2770 τῷ
888 2679 1082 2774 Ἠπειρώτῃ,
1101 2679 1346 2776 κατεσκευάσθη

202 2797 314 2876 στόλος
347 2799 402 2866 καὶ
435 2795 691 2892 προεβλήθησαν·
728 2799 761 2880 οἱι
792 2793 986 2880 καλούμενοι
1016 2799 1188 2876 κλασσικοὶ
1219 2797 1345 2884 (οἱονεὶ

202 2905 380 2998 νανοίρχαι)
409 2910 457 2994 τῴ
484 2905 624 2996 ἀριθμῷ
650 2907 849 2976 δυοκαίδεκα
883 2906 1099 2998 κυαίστιυρος,
1129 2899 1198 2975 οἷον
1226 2907 1346 2992 ταμίαι
1425 2974 1433 2982 ,

203 3025 258 3090 καὶ
283 3029 471 3110 συναγωγεῖς
494 3013 702 3110 χρημάτων(
736 3019 804 3086 Sed
827 3030 863 3084 ut
885 3020 1003 3086 falsum
1027 3031 1237 3104 quaestorum
1261 3023 1346 3087 duo·

204 3139 310 3202 decim
334 3157 514 3216 numerum,
538 3137 594 3217 qui
617 3155 683 3218 quo
706 3132 803 3196 modo
827 3142 916 3197 ortus
940 3136 1068 3197 sitiam
1090 3131 1346 3220 Niebubrlus²³⁴)

203 3249 451 3328 demonstravit,
474 3250 657 3315 mittamus:
679 3267 720 3310 ne
743 3249 900 3331 temporis
919 3245 1052 3328 quidem
1073 3248 1232 3309 rationem
1255 3256 1344 3310 recte

203 3361 246 3425 ab
274 3360 330 3425 illo
360 3363 541 3424 institutam
571 3379 644 3422 esse
674 3359 881 3422 manifestum
914 3367 980 3437 θοις
1014 3360 1132 3445 etenim
1156 3358 1200 3420 M.
1223 3358 1345 3422 Atilius

202 3472 353 3558 Regulus
373 3478 406 3534 et
417 3471 455 3534 L.
466 3469 567 3536 Iulius
581 3470 666 3535 Libo
686 3506 721 3514 -
742 3463 910 3546 ,,Ἰουνίου“
927 3469 1012 3532 falso
1029 3469 1164 3533 exhibet
1176 3468 1291 3554 Lydus
1304 3506 1345 3516 -

203 3583 355 3650 consules
378 3585 451 3645 anui
476 3582 546 3644 267.
564 3603 592 3644 a.
606 3568 681 3645 Ch'r.
699 3569 852 3664 ⁴fuerunt3
876 3590 989 3644 contra
1011 3602 1031 3643 a
1053 3579 1150 3664 Lydo
1173 3583 1206 3644 in
1228 3602 1345 3646 annum

203 3697 277 3762 307.
312 3717 341 3758 a.
373 3694 449 3762 Chr.
483 3686 730 3774 transferuntur.
776 3694 883 3772 Quam
910 3692 957 3756 'ob
991 3714 1059 3757 rem
1092 3691 1343 3776 Niebubriua²²⁶)

998 3874 1336 3886 -a--n—-w—-a--o—-fi—

292 4021 405 4088 tto)

291 4117 322 4149 271

291 4115 484 4278 ml
355 4212 395 4262 Cf
414 4209 527 4263 Becker·
529 4207 705 4277 Morqoordt.
724 4211 740 4258 l.
760 4211 776 4258 l
797 4210 844 4274 ΙΠ,
864 4212 888 4274 2,
907 4213 929 4259 9.

290 4309 332 4372 ²³³)
350 4307 390 4356 De
408 4309 527 4370 magistr.
547 4306 568 4369 1,
588 4308 629 4355 27.

292 4401 385 4466 ²²⁴)L.
403 4402 420 4451 l
440 4401 476 4465 11,
493 4402 552 4450 484.
571 4400 613 4449 ed.
632 4399 709 4449 ΙΙ.

292 4496 386 4564 ²⁷⁵)L.
405 4497 693 4547 1.111.annot.1003
