3530 5374
386 530 427 596 20

363 748 365 752 -
471 706 562 788 „Qui
578 703 710 768 horride
732 713 833 788 atque
849 705 1064 789 incomposite
1077 705 1256 789 quamlibet
1270 707 1352 772 illud
1365 707 1525 793 ‘frigidum

385 825 419 882 et
440 819 536 882 inane
559 816 762 898 extulerunt,
789 819 982 900 antiquitas
998 837 1098 900 pares
1127 819 1255 882 credunt
1278 873 1284 884 .
1311 867 1318 882 .
1341 867 1349 883 .
1373 804 1470 884 otiosi
1491 827 1525 884 et

384 931 510 1013 supini,
527 963 529 969 =
544 933 572 994 si
605 929 683 1013 quid
712 929 810 994 modo
839 927 967 1015 longius
999 930 1306 1011 circumduxerunt,
1340 935 1451 995 iurant
1479 921 1507 996 it'

385 1043 577 1110 Ciceronem
616 1045 799 1108 locuturum
839 1039 967 1108 fuisse.¹
993 1065 1147 1108 noveram
1183 1045 1360 1128 quosdam,
1399 1047 1455 1129 qui
1488 1063 1524 1108 se

383 1151 520 1242 pulchre
549 1159 754 1241 expressisse
783 1177 887 1241 genus
918 1155 999 1219 illud
1023 1157 1176 1222 coelestis
1209 1151 1305 1221 huius
1328 1145 1524 1222 indicendo

384 1271 445 1334 viri
460 1270 523 1334 sibi
538 1269 738 1349 viderentur,
762 1271 788 1332 si
808 1270 840 1330 iu
858 1265 1004 1332 clausula
1024 1271 1212 1352 posuissent
1229 1287 1293 1332 csse
1304 1271 1464 1332 otdeotor“
1475 1269 1525 1352 ⁴⁴).

470 1382 554 1444 Turn
579 1380 795 1445 de'lhachalo
819 1387 949 1444 oratore
972 1379 1060 1464 apud
1078 1381 1227 1445 Tacitum
1250 1370 1334 1446 haec
1358 1371 1525 1466 leguntur:

386 1495 443 1580 ,In
465 1494 563 1559 rebus
586 1493 717 1556 urbanis
733 1490 846 1556 Galeri
863 1491 1015 1554 Trachali
1038 1495 1169 1578 ingenio
1192 1492 1354 1558 Othonem
1379 1494 1425 1556 nti
1451 1513 1525 1556 cre-

384 1608 539 1689 debatur;
570 1615 603 1671 et
626 1613 719 1670 erant
741 1608 796 1688 qui
817 1625 913 1686 percus
935 1605 1035 1688 ipsum
1058 1607 1170 1669 orandi
1190 1615 1380 1688 noscerent,
1402 1605 1524 1670 crebro

383 1721 448 1784 sori
462 1741 524 1784 usu
533 1717 662 1783 celebre
677 1718 763 1782 etad
776 1717 946 1800 implendus
959 1717 1169 1799 popultucres
1184 1709 1278 1780 lutum
1295 1725 1323 1781 ct
1333 1709 1525 1798 ronow-⁴⁵).

470 1832 582 1914 Atque
599 1829 741 1918 ¹eandem
765 1827 807 1892 de
829 1829 886 1891 illo
908 1829 1103 1892 sententiam
1118 1825 1299 1912 reperimus
1316 1829 1402 1914 apud
1418 1830 1526 1909 Quin·-

383 1943 544 2007 tilianum:
569 1940 633 2024 ,Et
647 1939 828 2003 Trachalus
847 1939 1040 2023 plerumque
1063 1938 1209 2004 sublimis
1232 1945 1266 2002 et
1288 1943 1367 2004 satis
1390 1947 1525 2026 apertus

383 2055 448 2118 fuit
477 2063 519 2118 et·
533 2073 630 2136 quem
652 2051 739 2115 velle
769 2053 892 2136 optima
920 2049 1089 2132 crederes,
1121 2053 1244 2114 auditus
1275 2057 1377 2114 tumeo
1405 2053 1525 2132 mutor,-

383 2187 457 2232 nam
481 2173 514 2230 et
536 2167 627 2246 occis,
650 2171 798 2249 quautam
816 2167 849 2226 ta
863 2164 1099 2244 aullo‘coqnoui,
1116 2164 1253 2244 felicitas
1270 2171 1299 2226 et
1310 2166 1525 2246 pronuntiatio

383 2280 431 2342 acl
452 2281 550 2342 acacia
572 2279 740 2360 suffectura
762 2285 796 2341 ct
818 2276 935 2357 decor,
965 2279 1071 2340 omnia
1102 2276 1243 2358 denique
1267 2278 1313 2357 ei,
1343 2297 1428 2359 quae
1451 2283 1526 2341 sunt

385 2401 489 2470 extra,
512 2372 823 2476 superfuerunt“¹⁶).
860 2389 917 2473 ,In
939 2391 978 2453 iis
1002 2393 1117 2471 etiam,
1140 2411 1224 2472 quos
1246 2393 1310 2474 ipsi
1321 2390 1524 2470 vidimus,...

384 2515 492 2568 acaum
518 2501 681 2566 Tractati“
707 2500 935 2585 (reperiemus)
949 2501 998 2582 ΠΙ).

470 2615 621 2697 Denique
644 2611 866 2692 Quintilianus
889 2614 922 2675 in
945 2613 1009 2676 line
1032 2615 1244 2678 institutionis
1268 2616 1430 2678 oratoriae
1463 2612 1525 2677 ad-

383 2735 494 2792 monet
528 2732 709 2807 oratorem,
751 2733 788 2788 ut
826 2735 924 2788 antea
961 2745 1057 2808 quam
1091 2727 1271 2789 senectutis
1304 2725 1527 2790 imbecillitate

384 2835 525 2902 dicendi
547 2837 688 2902 facultas
722 2847 757 2902 et
797 2837 903 2924 gloria
934 2841 1158 2917 imminuatur,
1201 2839 1275 2902 foro
1314 2837 1526 2919 discedat⁴⁸).

385 2951 481 3032 Quod
494 2955 546 3014 cui
558 2953 692 3036 egregia
702 2949 894 3034 illibataque
916 2950 1123 3033 eloquentiae
1135 2951 1223 3013 fama
1236 2949 1327 3013 cordi
1345 2951 1389 3014 sit
1404 2958 1527 3032 quanto

386 3084 486 3148 opere
509 3062 724 3126 animadverti
747 3061 876 3128 debeat.
899 3062 1033 3125 Domitii
1048 3060 1123 3123 Afri
1148 3060 1301 3145 exemplo
1325 3060 1528 3126 demonstrat

385 3176 436 3240 his
458 3174 587 3239 verbis:
614 3172 709 3252 „Vidi
734 3194 797 3258 ego
820 3171 918 3258 longe
942 3175 1094 3252 omnium,
1118 3185 1202 3255 quos
1225 3170 1303 3234 mihi
1326 3161 1525 3256 cognoscere

386 3289 538 3371 contigit,
573 3307 724 3376 summam
752 3293 925 3364 oratorem,
956 3285 1136 3348 Domitium
1158 3282 1276 3346 Afrum
1299 3284 1388 3346 ualde
1416 3299 1526 3360 accen,

389 3397 500 3462 cotidie
521 3400 639 3482 aliquid
660 3419 700 3462 ea
723 3419 775 3480 ea,
805 3417 903 3480 quam
925 3403 1107 3475 meruerat,
1139 3397 1320 3458 auctoritate
1338 3395 1527 3478 perdentem,

384 3531 456 3574 cunr
478 3520 597 3594 agente
626 3510 703 3590 illo,
735 3531 831 3594 quem
859 3511 1038 3594 principem
1062 3508 1166 3572 fuisse
1189 3507 1353 3590 quondam
1377 3506 1441 3569 fori
1462 3525 1528 3568 non

384 3631 455 3686 erat
478 3621 627 3699 dubium,
663 3621 733 3703 alii,
768 3620 857 3706 quod
887 3620 1054 3705 iudignum
1076 3619 1244 3700 videatur,
1278 3617 1439 3698 riderent,
1473 3617 1528 3681 alii

387 3733 636 3814 erubescerent,
670 3753 755 3816 quae
776 3736 906 3798 occasio
929 3732 993 3795 fuit
1015 3730 1162 3812 dicendi,
1194 3730 1285 3792 molle
1308 3749 1377 3792 cam
1399 3729 1527 3808 deicere

385 3866 478 3930 quum
508 3847 656 3908 desinere.
699 3844 819 3928 Neque
854 3853 947 3909 erant
979 3843 1036 3907 illa
1074 3842 1316 3926 qualiacunque
1348 3839 1434 3903 mala
1467 3838 1526 3904 sed

386 4041 611 4050 ———-
1295 4034 1338 4040 --
1354 4033 1405 4038 —-.
1419 4033 1503 4038 .--..—
1511 4032 1525 4038 -

473 4160 507 4225 a)
526 4154 639 4226 Quintil
657 4157 695 4222 X,
715 4157 740 4224 2,
760 4157 799 4207 17.
820 4157 859 4207 18.

473 4256 508 4320 “)
527 4255 598 4304 Hiat.
617 4252 639 4318 1,
658 4253 698 4303 90.

471 4351 505 4414 ⁴⁸)
525 4347 637 4418 Qututtl.
654 4349 692 4414 X,
713 4351 736 4414 1,
756 4349 822 4411 1193
842 4349 875 4398 cf.
894 4346 960 4411 XII,
979 4346 1004 4412 ὃ,
1022 4346 1046 4396 h.
1065 4349 1089 4398 6.

471 4446 648 4511 ⁴²)1t.xl1,
669 4448 710 4510 10,
731 4449 770 4496 11.

468 4541 502 4606 ⁴⁸)
522 4540 561 4592 lb.
580 4540 645 4606 XII,
665 4543 707 4605 11,
728 4541 802 4590 l-sst.
837 4540 879 4589 De
897 4539 1017 4588 Domitio
1035 4537 1104 4587 Afro
1123 4536 1158 4584 cl.
1177 4537 1258 4584 etiam
1276 4533 1314 4598 X,
1334 4535 1358 4598 1,
1378 4533 1436 4582 118.
