3530 5374
1237 503 1278 566 47

156 670 316 758 expertes“
350 671 425 756 (iii,
447 671 501 754 6.).
550 673 670 738 Plinius
697 673 839 759 denique
867 673 1047 741 Hiberniae
1076 675 1280 742 latitudinem

154 784 190 848 ab
209 782 355 870 Agrippa
383 786 506 869 pariter
534 805 574 849 ac
595 784 785 850 Britanniae
808 784 894 850 CCC
915 785 952 850 M
978 789 1182 854 aestimatam
1205 807 1280 854 esse

152 895 258 977 refert,
287 894 347 962 sed
368 893 604 982 longitudinem
626 893 684 961 CC
705 895 742 960 M
763 917 850 981 pass.
871 899 1047 982 minorem3
1075 919 1176 984 super
1202 898 1280 964 Bri-

151 1009 281 1074 tamiam
310 1007 393 1072 bano
422 1009 518 1072 sitam
550 1007 669 1098 abesse
702 1007 896 1074 brevissimo
925 1013 1066 1076 transitu
1095 1009 1279 1077 aSilurnm

151 1126 240 1204 gente
260 1117 373 1184 XXX
393 1117 432 1182 M
452 1138 539 1203 pass.
563 1118 619 1201 (N.
641 1117 684 1184 Η.
706 1118 765 1202 IV,
790 1121 860 1184 102.
885 1119 980 1204 loia).

695 1421 813 1428 ---.—.-.-.

225 1690 294 1756 Iam
317 1694 347 1756 si
368 1692 410 1758 de
437 1693 536 1758 Taciti
558 1694 708 1775 doctrina,
731 1695 838 1778 qualis
860 1715 904 1760 ex
925 1694 1146 1782 geographico
1168 1699 1225 1764 illo
1238 1699 1280 1765 de

144 1802 307 1870 Britannia
328 1803 553 1891 Hiberniaque
576 1827 718 1874 excursu
740 1807 956 1872 animadverti
976 1817 1104 1892 potest,
1127 1809 1280 1876 iudicium

142 1915 257 1980 facturi
278 1935 399 1999 sumus,
421 1938 486 1982 non
508 1926 665 2001 quantum
687 1919 747 1984 sed
769 1919 849 2003 quid
871 1919 990 1986 litteris
1012 1921 1226 2002 mandaverit,
1247 1923 1280 1984 in

140 2030 250 2111 primis
273 2029 335 2093 erit
356 2028 451 2094 nobis
473 2029 696 2114 spectandum.
719 2029 870 2115 Namque
893 2050 965 2095 cum
983 2033 1087 2096 solam
1105 2033 1281 2097 verborum

140 2139 375 2205 multitudinem
396 2143 606 2226 respicimus,
628 2144 756 2227 priores
778 2144 958 2227 scriptores
984 2142 1176 2228 plerumque
1198 2147 1280 2208 toti-

140 2251 273 2318 dem·ac
294 2273 395 2338 saepe
416 2253 512 2338 plura
543 2275 640 2338 quam
670 2252 820 2320 Tacitum
849 2253 891 2320 de
913 2253 981 2320 illis
1000 2254 1187 2339 regionibns
1209 2263 1282 2338 tra-

139 2365 260 2430 didisse
282 2387 348 2431 non
371 2386 544 2454 negamus3
573 2366 633 2432 sed
656 2366 745 2450 quod
766 2365 832 2431 iliis
854 2345 1057 2451 temporibus
1079 2386 1184 2450 parva
1202 2375 1282 2432 tan-

138 2485 203 2540 tum
227 2475 415 2542 Britanniae
437 2499 514 2563 pars
525 2485 604 2543 nota
618 2486 699 2561 erat,
721 2476 764 2542 de
774 2475 981 2542 interioribus
994 2481 1137 2544 maxime
1155 2477 1281 2543 insulae

137 2591 234 2652 terris
256 2596 313 2652 aut
334 2587 455 2652 nullam
478 2597 534 2653 aut
556 2590 712 2653 incertam
734 2590 953 2673 cognitionem
977 2587 1152 2653 habebant

224 2726 271 2791 At
292 2749 372 2792 vero
393 2726 538 2806 Tacitis,
562 2747 647 2810 quae
668 2726 716 2790 illi
738 2726 879 2790 nondum
903 2735 1072 2811 comperta
1095 2726 1282 2811 eloquentia

135 2838 368 2924 percolueriut‚
391 2860 499 2905 rerum
524 2836 589 2903 fide
612 2860 648 2904 se
670 2836 863 2903 traditurum
885 2841 957 2922 ipse
980 2838 1161 2922 pollicetur.
1200 2839 1282 2904 Cum

136 2955 224 3014 enim
246 2950 421 3035 Agricolae
446 2947 654 3037 expeditione
677 2949 846 3016 Britannia
864 2948 1021 3014 Romanis
1043 2959 1159 3034 aperta
1182 2960 1281 3032 esset,

133 3083 250 3126 veram
273 3061 356 3126 caeli
386 3059 448 3126 soli
473 3059 653 3126 incolarum
682 3061 831 3126 notitiam
853 3060 895 3125 ab
918 3063 975 3142 iis,
1005 3063 1060 3146 qui
1088 3064 1155 3126 suis
1179 3059 1282 3128 oculis

134 3194 175 3236 ea
198 3172 365 3254 viderant,
403 3181 517 3237 auctor
547 3171 660 3237 noster
689 3173 752 3244 sibi
782 3192 972 3256 comparare
1001 3172 1108 3256 potuit
1130 3194 1169 3236 ac
1192 3182 1281 3239 certe

133 3287 350 3368 comparavit.
386 3281 485 3349 Unde
507 3283 630 3348 factum
654 3291 714 3364 est,
737 3291 774 3348 ut
796 3286 941 3367 priorum
963 3285 1157 3369 scriptorum
1179 3283 1282 3348 verba

132 3395 245 3460 Taciti
266 3398 453 3460 narratione
473 3398 593 3480 partim
616 3396 884 3461 confirmarentur
899 3395 1019 3478 partim
1032 3395 1282 3478 corrigerentur.

129 3505 256 3590 Neque
284 3527 380 3589 vero,
408 3505 465 3572 nbi
496 3503 538 3570 de
558 3508 631 3592 ipsa
660 3504 829 3570 Britannia
852 3505 986 3570 Tacitus
1020 3503 1084 3569 alia
1113 3511 1213 3590 atque
1235 3502 1283 3569 iiii

132 3615 254 3700 refert,
277 3621 433 3683 maiorem
457 3621 522 3703 ipsi
543 3617 642 3684 fidem
664 3619 808 3683 tribuere
832 3613 1060 3684 dubitabimus.

222 3753 270 3820 Iis
293 3765 400 3821 eutem
424 3777 508 3839 quae
531 3755 628 3820 modo
651 3756 844 3838 monuimus,
868 3759 1018 3839 quaestio
1041 3756 1083 3821 de
1101 3756 1196 3820 huius
1219 3777 1282 3818 ex-

128 3888 253 3930 cursus
274 3867 415 3948 sontibus
446 3870 622 3930 maximam
655 3876 782 3952 partem
810 3870 873 3931 iam
904 3867 1054 3931 absoluta
1085 3888 1158 3932 esse
1187 3867 1282 3932 nobis

126 3979 279 4046 videtur.
314 3977 445 4042 Etenim
467 3981 558 4062 ipsas
579 3999 633 4042 res
656 3999 696 4042 ecc
717 3981 756 4040 tis
777 3980 884 4060 quiin
906 3978 1073 4054 Britannia
1096 3984 1150 4042 eut
1170 3980 1282 4059 stipen-

126 4092 187 4154 dio
207 4097 388 4154 meruerant
404 4097 459 4154 out
473 4092 620 4172 nepotioti
635 4095 733 4168 mont
750 4091 920 4172 praecipue
936 4105 975 4152 on
991 4087 1218 4172 ipsodpiicolo
1230 4087 1282 4170 ¹¹⁵)

226 4399 273 4464 ¹¹⁸)
292 4399 333 4450 Oi.
352 4401 418 4465 Agr.
429 4401 477 4450 24:
497 4397 599 4466 „Saepe
613 4413 648 4452 cer
663 4413 694 4452 eo
704 4397 806 4451 oudini
823 4401 1035 4462 legionensem
1044 4399 1160 4448 modicis
1174 4399 1282 4448 auxiliis

124 4495 273 4546 debellari
291 4495 459 4558 obtinerique
478 4495 636 4545 Hiberniam
654 4504 761 4559 posse.“
1177 4507 1179 4514 v
1234 4487 1235 4492 ’
