3530 5374
1270 550 1311 616 lt

180 769 208 822 1,
261 731 383 798 Verum
405 740 444 797 ut
464 731 702 812 Quintilianus,
730 745 927 814 quamquam
949 747 1081 792 auream
1104 725 1311 811 eloquentiae

178 853 315 911 aetatem
336 846 460 911 meritis
483 843 634 908 laudibus
657 842 804 922 extollit,
826 849 935 906 tamen
948 840 1133 924 aequalium
1146 847 1311 905 oratorum

179 961 312 1023 virtutes
335 978 400 1021 non
421 955 582 1042 neglegit:
604 957 651 1018 ita
671 975 713 1020 ne
736 953 870 1018 Tacitus
893 951 1023 1036 quidem
1046 954 1146 1017 nimia
1167 954 1312 1035 antiqui-

178 1073 252 1135 tatis
276 1071 516 1134 existimatione
546 1076 713 1147 movetur,
742 1073 779 1131 ut
802 1065 843 1130 de
866 1085 946 1130 vora
975 1084 1106 1128 suorum
1129 1073 1311 1149 temporum

178 1181 277 1266 gloria
298 1201 379 1248 naso
401 1202 561 1268 suspenso
585 1179 737 1248 detrahat
750 1177 799 1260 ²¹).

260 1307 388 1375 Deinde
418 1311 601 1374 universum
630 1305 861 1389 eruditionem,
900 1329 972 1390 qua·
1000 1306 1121 1372 bonurn
1152 1313 1313 1371 oratorem

178 1421 333 1485 imbutum
356 1439 430 1485 csse
453 1418 524 1483 vult
541 1417 775 1500 Quintilianus,
798 1417 935 1484 eandem
949 1417 1102 1500 Tacitus,
1124 1438 1197 1482 cum
1220 1415 1313 1482 Mes·

178 1532 277 1597 salum
299 1532 486 1616 loquentem
508 1530 648 1614 inducit,
671 1538 705 1597 et
727 1533 798 1616 ipse
814 1528 1009 1614 requiritffl).
1036 1527 1091 1594 Ad
1107 1549 1189 1614 quas
1204 1537 1313 1596 autem

178 1643 364 1728 disciplinas
402 1642 545 1708 studium
588 1645 726 1708 oratoris
761 1645 926 1727 pertinere
965 1641 1105 1725 debeat,
1146 1641 1313 1708 Ciceronis

179 1753 329 1839 exemplo
353 1752 512 1835 ostendit,
536 1753 662 1818 scilicet
683 1752 726 1817 ad
748 1755 798 1818 ius
821 1752 927 1834 civile,
949 1751 1206 1838 philosophiam,
1228 1772 1313 1840 geo-

178 1867 340 1945 metriam,
354 1868 526 1945 musicam,
541 1866 801 1951 grammaticam,
819 1863 1037 1947 dialecticam,
1056 1864 1210 1947 ethicam,
1225 1865 1315 1949 phy-

179 1973 345 2057 sicam²⁸);
380 1983 456 2040 sunt
477 1978 577 2062 igitur
598 1975 750 2056 eaedem,
775 1995 874 2060 quas,
904 1983 940 2039 ut
961 1977 1025 2040 iarn
1048 1995 1147 2060 supru
1162 1973 1314 2057 vidimus,

179 2087 275 2150 etiam
297 2085 515 2164 Quintilianus
538 2089 571 2149 iu
592 2087 796 2150 institutione
819 2089 962 2152 oratoria
984 2095 1159 2153 enumerat

263 2213 346 2278 Tum
364 2213 685 2308 animaduertendum
704 2223 771 2299 est,
795 2236 891 2299 quum
911 2224 1064 2281 accurate
1080 2224 1114 2281 et
1125 2213 1316 2295 Quintiliani

180 2337 212 2392 et
234 2326 340 2393 Taciti
364 2328 406 2393 de
434 2328 640 2414 philosophia
667 2327 820 2392 iudicium
845 2338 1010 2412 congruat.
1055 2327 1205 2412 Uterque
1229 2330 1314 2392 enim

132 2517 134 2523 Ι
179 2437 403 2523 philosophiae
434 2460 497 2503 non
527 2447 663 2524 propter
692 2460 728 2503 se
750 2441 854 2523 ipsam
877 2436 1072 2504 studendum
1097 2459 1170 2504 esse
1194 2447 1315 2521 censet,

178 2549 237 2615 sed
260 2557 415 2633 quantum
446 2569 485 2612 ea
510 2547 553 2611 ad
575 2551 716 2612 animum
740 2552 878 2613 oratoris
902 2547 1119 2613 excolendum
1141 2570 1316 2633 moresque

179 2659 365 2725 educandos
389 2661 546 2725 conferat.
591 2658 673 2723 Eam
697 2663 890 2724 sententiam
915 2662 943 2723 si
966 2664 1223 2744 respexerimus,
1252 2661 1315 2723 iarn

176 2794 241 2836 non
257 2773 366 2836 mirari
383 2792 442 2835 noa
456 2779 602 2855 oportet,
625 2769 715 2854 quod
727 2770 945 2850 Quintilianus
968 2769 1207 2856 philosophiam
1229 2782 1316 2836 tam·

178 2903 273 2966 quam
288 2881 472 2947 rhetoricae
487 2881 766 2966 purtemvindiout
782 2882 833 2945 his
845 2882 954 2946 verbis
965 2879 1023 2963 2’)τ
1048 2881 1163 2962 „Nunc
1180 2905 1316 2950 necesse

178 3003 230 3058 est
252 2992 294 3057 ad
317 3013 374 3058 eos
397 2991 572 3076 aliquando
599 3000 749 3056 auctores
778 3012 963 3073 recurrere,
990 2995 1050 3076 qui
1073 2994 1253 3078 desertam,
1282 3003 1319 3060 ut

179 3103 266 3185 dixi,
285 3110 408 3187 portem
430 3106 586 3168 oratoriae
614 3104 705 3184 ortis,
737 3104 905 3169 meliorem
932 3108 1142 3188 praesertim,
1174 3127 1318 3191 oocupa-

178 3225 312 3296 verunt,
341 3223 375 3281 et
396 3214 477 3278 uelut
498 3221 636 3278 nostram
656 3233 836 3297 reposcere,
865 3235 930 3279 non
953 3225 990 3280 ut
1011 3236 1071 3279 nos
1093 3216 1221 3280 illorum
1242 3226 1319 3282 uta-

179 3346 253 3389 mur
273 3328 430 3407 inventis,
454 3325 515 3390 sed
536 3336 573 3390 ut
594 3325 663 3390 illos
680 3325 788 3390 olienis
806 3345 877 3389 usos
895 3346 958 3390 esse
976 3328 1169 3390 dunecanum
1192 3325 1318 3393 Eadem

185 3517 410 3524 -.---...--..-
417 3517 491 3523 .⁴-.-.-..
866 3517 1049 3526 ——n———n-u-

248 3635 282 3702 ¹¹)
301 3635 372 3687 Dial.
387 3637 433 3686 41:
453 3633 551 3702 „Bono
570 3636 673 3687 saeculi
690 3638 731 3685 sui
750 3638 863 3700 quisque
882 3637 951 3688 eitra
965 3607 1189 3690 obtrectationem
1207 3639 1319 3690 alterius

178 3730 299 3782 utatur.“

249 3845 408 3910 ²²)1b.302
438 3844 502 3911 „Ex
526 3845 612 3894 multa
636 3843 787 3894 eruditione
819 3848 847 3897 et
871 3845 994 3908 plurimis
1018 3846 1123 3896 artibus
1150 3851 1178 3896 et
1202 3848 1319 3896 omnium

178 3952 270 3986 rerum
287 3941 401 3989 scientia
426 3936 546 3988 exundat
570 3941 597 3986 et
621 3937 754 3988 exuberat
775 3938 822 3987 illa
846 3938 1013 3988 admirabilis
1039 3938 1207 4004 eloquentia,
1231 3955 1319 4004 neque
1386 3969 1387 3972 =

180 4035 298 4082 oratoris
322 4034 363 4082 vis
386 4037 414 4082 et
435 4031 567 4098 facultas,
595 4035 665 4082 sicut
688 4036 839 4082 ceterarum
863 4047 966 4097 rerum,
991 4035 1112 4096 angustis
1138 4037 1166 4084 et
1190 4032 1320 4084 brevibus

179 4128 303 4176 terminis
321 4125 453 4192 cluditur,
478 4123 526 4176 sed
545 4127 567 4174 is
586 4129 629 4174 est
647 4130 751 4189 orator,
775 4128 821 4188 qui
840 4125 873 4176 ds
893 4127 966 4176 omni
984 4129 1142 4190 quaestions
1161 4127 1274 4189 pulchre
1293 4132 1321 4178 et

180 4225 277 4270 ornate
296 4223 324 4268 et
341 4219 375 4270 ad
392 4218 612 4283 persuadendum
630 4224 693 4283 apte
713 4219 802 4270 dicere
829 4235 878 4284 pro
898 4219 1029 4286 dignitate
1053 4237 1157 4287 rerum,
1181 4222 1216 4273 ad
1239 4223 1318 4273 utili·

180 4319 267 4365 tatem
284 4320 451 4380 temporum,
474 4329 535 4364 oum
553 4316 696 4380 voluptate
715 4313 882 4365 audientium
900 4315 1015 4380 possit.“
1051 4313 1092 4365 Ol.
1111 4331 1134 4366 c.
1153 4317 1194 4367 32.
1278 4363 1280 4367 .

253 4426 462 4490 mmmm

253 4534 288 4602 2‘)
305 4533 421 4604 Quintd.
437 4551 557 4602 prooem,
578 4539 626 4600 li·;
645 4538 679 4588 cf·
697 4538 736 4603 X>
756 4539 780 4602 1²
798 4536 840 4586 35·
