3530 5374
413 513 455 583 ii

501 691 536 756 ln
561 694 737 756 minoribus
760 694 859 778 igitur
881 692 1009 756 duobus
1040 693 1148 771 libris,
1184 713 1267 774 qnos
1298 701 1395 756 antea
1417 691 1553 758 Tacitus

413 824 510 886 quam
521 805 721 886 relinqueret
731 825 863 868 munera
874 803 1005 888 publica
1021 814 1260 890 composuerat,
1282 807 1444 871 oratorius
1463 805 1555 870 color

414 926 491 981 ante
514 915 626 980 oculos
648 918 775 1000 positus
798 923 857 981 est.
902 916 977 994 Qua
999 935 1036 980 re
1058 933 1163 1001 nuper
1184 917 1351 980 Hitbncrua
1376 917 1462 982 adeo
1491 916 1554 980 ad·-

414 1028 532 1094 dnctns
555 1036 623 1108 cst,
648 1035 683 1091 ut
700 1027 889 1113 Agricolam
912 1026 991 1090 nihil
1013 1027 1100 1091 aliud
1125 1049 1198 1092 esse
1220 1028 1434 1094 arbitraretur
1455 1048 1553 1111 qnam

414 1139 633 1204 laudationem
662 1138 833 1204 funebrem
856 1139 899 1204 ad
921 1139 1024 1204 libelli
1048 1141 1185 1206 formam
1209 1140 1376 1204 redactam
1392 1140 1442 1221 ⁵¹).
1487 1140 1555 1207 Sed

415 1273 611 1335 quamquam
635 1251 697 1315 hac
718 1253 750 1314 in
773 1271 809 1315 re
832 1251 917 1315 ultra
939 1254 1044 1315 iustos
1062 1254 1217 1315 terminos
1240 1255 1442 1336 processisse
1465 1253 1555 1316 illum

393 1364 621 1428 manifestum
644 1373 696 1428 est
707 1362 765 1445 ⁵²),
798 1373 887 1428 recte
909 1371 1018 1428 tamen
1052 1373 1085 1428 et
1118 1364 1335 1452 componendi
1367 1367 1493 1428 ratione
1523 1374 1557 1428 ct

415 1474 545 1540 dicendi
567 1483 637 1540 arte
660 1481 822 1538 oratorem
845 1473 940 1560 prodi
956 1477 1096 1558 monuit3
1119 1474 1161 1538 ad
1181 1473 1268 1538 illam
1288 1477 1371 1540 enim
1390 1479 1557 1560 pertinere

414 1589 615 1676 prooemium
638 1585 700 1672 (cc.
726 1585 894 1668 1—3.)³³)‚
918 1586 1159 1652 conclusionem
1183 1588 1242 1670 (oc.
1265 1588 1419 1671 45-46.)
1433 1589 1491 1670 Η);
1513 1588 1557 1652 ad

416 1695 504 1770 hano
522 1698 683 1760 contraria
699 1697 751 1780 ⁵⁵),
773 1697 994 1782 pleonasmos,
1016 1697 1097 1762 alias
1115 1696 1296 1762 rhetoricas
1308 1699 1442 1785 figuras,
1465 1699 1558 1765 locos

416 1828 603 1872 communes
627 1811 692 1892 (cc.
704 1809 733 1872 3.
757 1810 823 1888 42.)
837 1807 890 1890 ⁵⁶).
924 1805 1060 1872 Tacitus
1083 1827 1155 1870 eum
1179 1806 1411 1896 deAgricolnc
1434 1814 1503 1875 vita
1525 1819 1560 1876 et

415 1917 559 1984 moribus
582 1918 699 1985 librum
722 1918 867 1982 scribere
891 1921 1018 2002 coepit,
1050 1927 1118 1982 turn
1142 1922 1280 2004 primum
1303 1919 1421 1984 adres
1444 1930 1558 2008 gestas

415 2031 556 2116 posteris
588 2029 764 2094 tradendas
791 2050 970 2114 aggressus
993 2029 1180 2094 historicam
1204 2033 1385 2095 orationem
1407 2031 1558 2096 omnibus

414 2144 561 2208 numeris·
578 2140 761 2208 absolutam
784 2142 914 2206 minime
942 2141 1005 2205 sibi
1026 2139 1090 2207 iar'n
1112 2151 1247 2226 praesto
1276 2163 1350 2208 esse
1374 2164 1401 2206 c
1424 2144 1470 2223 3.,
1502 2142 1559 2207 ubi

393 2253 612 2318 'inconditam
627 2273 668 2318 ac
686 2251 798 2316 rudem
817 2273 932 2316 vocem
952 2261 1104 2330 excusat,
1125 2254 1198 2338 ipse
1216 2254 1356 2337 ingenue
1375 2251 1558 2334 fatetur⁶⁷).
1584 2301 1590 2308 .

503 2380 632 2446 Deinde
654 2383 687 2444 in
709 2401 808 2444 aureo
832 2379 874 2443 de
887 2379 1065 2444 Germania
1086 2379 1208 2459 libello,
1232 2400 1298 2462 quo
1316 2382 1472 2444 maiorum
1495 2403 1559 2446 no-

416 2503 557 2590 strornm
587 2501 693 2557 terras
723 2513 898 2575 moresque
927 2498 1043 2576 aperto
1074 2489 1184 2554 studio
1212 2512 1251 2556 ac
1280 2493 1361 2554 mira
1389 2489 1560 2578 diligentia

417 2683 570 2692 μι-σ-σ--α
867 2685 908 2690 ..—
928 2686 953 2689 ..
989 2683 1177 2691 .-.-.,.-.,.....-.
1202 2685 1219 2689 ..
1238 2685 1264 2689 -..

503 2801 536 2869 “)
556 2800 670 2856 Hermes
688 2803 709 2852 1.
729 2817 757 2866 p.
777 2804 843 2866 4473
862 2803 897 2853 cl.
916 2818 943 2868 p.
962 2804 1021 2852 441.

503 2897 537 2964 ⁵²)
556 2897 679 2948 Htibnerl
692 2900 794 2963 opinio,
805 2897 962 2962 Agricolam
979 2895 1164 2950 laudationem
1183 2895 1323 2948 funebrem
1337 2911 1408 2962 esse,
1426 2913 1488 2947 cum
1498 2897 1560 2947 aliis

417 2998 473 3043 tum
491 2994 534 3043 his
552 2996 670 3044 maxime
687 2995 853 3058 argumentis
872 2994 1013 3044 refellitur.
1048 2993 1091 3043 Ac
1115 2997 1230 3058 primum
1249 2994 1358 3057 quidem
1375 2991 1421 3042 ille
1441 2991 1474 3042 de
1492 2993 1557 3042 Bri-

417 3089 509 3140 tannia
518 3101 651 3139 excursus
662 3089 791 3138 orationis
800 3087 920 3149 modum,
931 3102 992 3137 cum
1003 3101 1053 3150 per
1063 3086 1365 3152 octooapita(10-li.)
1377 3091 1560 3152 continuetur,

418 3185 525 3234 omnino
544 3183 661 3234 excedit
697 3182 802 3233 Deinde
820 3184 908 3232 oratio
926 3181 1038 3248 Calgaci
1055 3197 1094 3232 cc
1113 3183 1235 3245 30-32„
1254 3184 1299 3231 cul
1311 3183 1455 3248 Agricolae
1474 3181 1559 3233 verba

418 3294 449 3330 cc
474 3280 585 3330 33-34.
608 3277 789 3342 respondent,
816 3280 843 3327 ln
860 3277 1019 3328 laudatione
1044 3277 1150 3327 funebri
1175 3281 1249 3327 certe
1273 3292 1326 3326 non
1352 3282 1445 3342 potest
1468 3277 1559 3328 locum

416 3373 525 3423 habere.
551 3373 674 3436 Denique
693 3373 712 3422 ii
730 3373 784 3423 loci
802 3371 964 3437 respiciendi
983 3378 1054 3437 sunt,
1073 3372 1171 3436 quibus
1184 3371 1297 3422 Tacitus
1315 3369 1405 3422 reruin
1418 3373 1559 3435 scriptoris

417 3479 492 3517 more
506 3470 675 3532 posteritatis
689 3473 784 3532 aperte
798 3483 889 3517 curam
909 3467 1000 3531 habet,
1018 3468 1096 3517 velut
1113 3469 1166 3518 iam
1183 3482 1206 3516 c.
1218 3469 1245 3516 1:
1266 3465 1422 3521 „Clarorum
1437 3469 1559 3517 virorum

418 3563 491 3612 laeta
509 3575 651 3625 moresque
669 3565 786 3626 posteris
805 3562 929 3626 tradere,
947 3563 1097 3625 antiquitas
1114 3564 1276 3624 usitatum&
1303 3579 1326 3612 o
1345 3564 1393 3610 44:
1422 3561 1517 3622 „Quod
1536 3564 1560 3612 u

417 3657 538 3708 habitum
557 3671 665 3722 quoqne
682 3660 741 3708 elus
763 3659 868 3722 posteri
891 3671 1003 3708 noscere
1029 3657 1127 3721 velint,
1150 3654 1290 3706 decentior
1313 3669 1392 3719 quam
1419 3655 1560 3704 sublimior

418 3755 486 3804 suite
496 3756 561 3814 etc3
580 3768 603 3802 c.
613 3753 660 3802 46:
680 3751 826 3816 ‚Agricola
839 3754 994 3816 posteritati
1010 3733 1135 3802 narratus
1151 3756 1180 3802 et
1195 3751 1311 3802 traditus
1325 3753 1465 3814 superstes
1483 3751 1559 3800 erit¹‘.

505 3846 539 3912 ⁸⁸)
557 3847 588 3897 L.
606 3848 624 3896 l.
643 3861 670 3912 p.
689 3848 749 3896 442.

506 3943 539 4006 ⁸⁸)
557 3942 597 3992 lb,
616 3957 641 4006 p.
651 3943 714 3991 445:
734 3944 800 3996 „mit
815 3941 864 3992 der
876 3941 1050 3992 aflectvollen
1060 3941 1235 4006 Apostrophe
1249 3955 1281 3989 an
1293 3940 1344 3990 den
1357 3939 1560 3990 Verstorbenen

417 4037 474 4088 und
492 4036 541 4087 der
558 4040 585 4086 ln
603 4035 689 4086 ihrem
700 4035 799 4087 Ernste
818 4035 970 4086 rtlbrenden
981 4037 1080 4100 Klage,
1098 4035 1161 4086 dass
1178 4039 1249 4085 trotz
1262 4034 1311 4085 der
1329 4033 1472 4085 liebeuden
1487 4033 1560 4083 Fur-

418 4147 498 4197 sorge
518 4133 567 4184 der
585 4130 678 4182 Gattin
697 4131 768 4182 doch
787 4126 848 4181 dem
871 4130 1028 4183 sncbenden
1047 4129 1125 4181 Bliclr
1144 4131 1193 4182 des
1211 4129 1381 4182 sterbenden
1399 4139 1485 4180 etwas
1503 4143 1555 4196 ge-

419 4229 488 4279 ieblt
505 4227 585 4294 habe,
603 4227 648 4278 die
666 4225 832 4294 (iegenwart
852 4228 901 4279 der
919 4227 1039 4279 Tochter
1056 4228 1112 4278 und
1131 4226 1203 4278 lbres
1222 4225 1347 4277 (latten.“

507 4323 540 4388 ⁵⁸)
559 4321 598 4373 Ib.
616 4340 642 4390 p.
660 4325 728 4388 44³3
746 4323 781 4374 ci.
802 4323 864 4388 Agr.
884 4323 908 4373 5.
927 4326 1012 4375 8.·19.

506 4417 771 4485 Ὂῆμωη

507 4512 542 4579 ¹¹)
560 4511 602 4563 Gi.
624 4511 804 4580 walsuintam
820 4515 838 4566 l.
856 4515 874 4566 l.
893 4531 919 4580 p.
938 4516 983 4579 9⁵13
1003 4511 1092 4568 Hans.
1109 4515 1128 4564 l.
1147 4515 1164 4565 l.
1182 4529 1208 4580 p.
1228 4513 1307 4564 XIX.
