3484 5374
342 467 383 532 ‘ld

341 638 476 706 Tacitus
497 642 598 726 igitur
619 641 653 704 in
668 661 725 707 eos
746 643 887 706 animum
909 638 1090 706 adverterit
1111 659 1215 704 nocue
1236 658 1303 702 uon
1324 635 1485 700 audemus

342 751 520 838 disputare.
1379 735 1381 742 ’

426 860 496 928 Sed
508 861 603 927 Porta
613 864 741 927 maioris
756 863 857 929 libros
881 865 1061 947 ,bellorum
1073 862 1269 929 Germaniae
1283 863 1418 948 viginti“
1432 858 1486 943 ¹⁷⁴)

256 953 258 958 ⁵
341 975 554 1060 praecipuum
581 975 684 1040 fuisse
715 975 858 1056 fontem,
888 975 974 1040 unde
1003 975 1138 1040 Tacitus
1166 996 1259 1040 suam
1288 973 1485 1038 Germaniae

341 1087 490 1152 notitam
512 1086 675 1167 hauserit,
705 1090 777 1152 sine
799 1088 865 1153 ulla
887 1087 1090 1153 dubitatione
1112 1097 1271 1152 tenemus.
1314 1085 1376 1150 Ille
1402 1087 1483 1150 enlm

342 1197 404 1266 sub
426 1199 570 1264 Domitio
594 1197 783 1264 Corbulone
804 1221 891 1264 anno
908 1201 960 1263 47.
982 1222 1014 1285 p.
1027 1199 1103 1264 Chr.
1125 1202 1252 1284 ipsein
1275 1197 1484 1264 Germaniam

341 1311 529 1374 inferiorem
552 1321 689 1376 venerat
710 1319 810 1393 etque
835 1310 1037 1396 expeditioni
1053 1320 1167 1376 contra
1179 1311 1330 1376 Chaucos
1345 1310 1486 1374 felicitat

342 1429 516 1504 susceptae
551 1421 748 1486 interfuerat
769 1419 835 1504 ¹⁷⁵).
888 1421 1005 1505 Itaque
1042 1443 1115 1486 com
1146 1425 1217 1506 ipse
1248 1419 1486 1484 Germanorum

342 1541 447 1597 terras
475 1551 664 1616 moresque·
684 1536 752 1598 suis
781 1534 883 1599 oculis
914 1533 1068 1614 vidisset,
1111 1553 1191 1618 prae
1222 1534 1342 1598 ceteris
1375 1545 1485 1596 rerum

343 1643 557 1729 scriptoribus
586 1644 705 1730 diguus
733 1653 821 1726 eret,
861 1647 913 1708 cui
942 1645 1077 1710 Tacitus
1105 1645 1204 1710 iidem
1236 1644 1382 1712 habeat
1434 1640 1485 1706 Ac

342 1764 488 1822 nostrum
511 1765 681 1822 auctorum
711 1755 813 1820 multa
835 1755 943 1819 Plinio
972 1755 1094 1820 debere
1121 1757 1185 1820 iam
1213 1755 1290 1820 inde
1318 1754 1485 1838 intellegi-

229 1875 231 1882 '
343 1888 432 1942 mus,
450 1866 539 1950 quod
557 1866 733 1932 nonnullos
743 1865 940 1932 Germaniae
952 1865 1062 1948 locos,-
1079 1867 1171 1930 velut
1184 1865 1226 1932 de
1241 1868 1346 1932 sucini
1361 1867 1485 1949 origine

343 1998 382 2042 ac
403 1985 535 2058 nature,
559 1977 602 2042 de
623 1978 809 2042 nationibus
824 1977 976 2043 Rhenum
997 1978 1239 2058 accolentibus,
1261 1977 1303 2042 de
1325 1977 1486 2042 bellorum

344 2109 416 2152 cum
440 2087 613 2154 Germanis
643 2098 812 2174 gestorum
840 2091 1014 2169 memoria,
1044 2109 1117 2154 cum
1146 2087 1285 2154 naturali
1308 2088 1445 2154 historia
1465 2109 1487 2152 a

343 2200 451 2266 Plinio
474 2203 597 2286 scripto
620 2202 791 2266 concinere
814 2203 1046 2286 cognovimus,
1075 2203 1146 2266 sive
1167 2204 1202 2266 in
1222 2200 1286 2266 hoc
1307 2199 1391 2266 libro
1414 2192 1500 2263 sole*

343 2312 419 2378 illac
449 2334 505 2377 res
526 2313 719 2394 exstabant,
750 2315 842 2394 sive,
875 2312 964 2395 quod
985 2315 1058 2378 veri
1078 2313 1214 2380 similius
1239 2321 1304 2393 est,
1333 2314 1367 2376 in
1394 2310 1486 2376 libris

345 2423 386 2492 dc
413 2424 510 2490 bellis
533 2423 737 2490 Germanicis
769 2425 867 2490 editis
891 2425 1035 2510 'amplius
1065 2427 1162 2490 etiam
1192 2433 1352 2490 tractatas
1384 2430 1487 2488 erent.

344 2535 485 2602 Accedit
513 2535 603 2618 quod
631 2536 748 2602 saltem
782 2557 846 2600 uno
876 2536 950 2601 loeo
979 2534 1112 2602 Tacitus
1142 2537 1204 2602 bos
1234 2536 1337 2601 libros
1369 2542 1487 2621 operte

344 2645 491 2711 laudavit
507 2643 567 2728 ¹²⁰).

429 2757 475 2824 Hi
485 2757 557 2822 iere
574 2766 651 2822 suot
667 2778 774 2822 rerum
789 2760 986 2844 scriptores,
1010 2779 1093 2844 quos
1105 2759 1257 2842 Tacitus,
1280 2779 1353 2824 cum
1369 2758 1487 2823 librum

344 2865 387 2932 de
410 2864 586 2934 Germania
612 2869 789 2949 scriberet,
819 2869 1010 2934 adhibuisse
1038 2869 1179 2936 videtur.
1223 2868 1292 2936 sed
1319 2879 1487 2936 auctorem

344 2986 411 3046 tant
433 2987 620 3062 strenuum,
640 2980 747 3064 qualis
765 2988 855 3046 certe
873 2981 1111 3061 erat'l'acitus,
1133 2991 1259 3047 tautum
1281 2981 1384 3048 libros
1406 3002 1488 3048 coc-

353 3361 357 3368 ,
431 3308 473 3376 ¹⁷⁸)
492 3309 533 3360 Ol.
552 3307 626 3362 Ptin
644 3308 718 3378 Epp.
735 3307 802 3374 ΠΙ,
821 3309 851 3360 5:
883 3309 1044 3371 ,Bellorum
1061 3307 1224 3360 Germsulae
1249 3311 1359 3374 viginti,
1388 3309 1486 3374 qulbus

344 3402 443 3468 mota,
462 3417 531 3472 quoe
549 3417 609 3456 cum
627 3401 771 3456 (iectionis
788 3401 919 3471 pessimus
936 3401 1013 3469 bello,
1032 3403 1151 3468 collegit.
1187 3402 1340 3470 Inchoavit
1358 3417 1441 3466 quum
1459 3406 1486 3454 iu

344 3493 488 3548 Germania
517 3499 659 3564 militaret,
690 3502 793 3550 somnio
824 3501 952 3550 monitus.
988 3498 1103 3550 Adstitit
1129 3501 1199 3548 enlm
1227 3501 1380 3563 quiescenti
1404 3497 1487 3548 Drusi

343 3590 460 3642 Neronis
479 3589 597 3657 effigies,
616 3595 662 3655 qui
678 3591 839 3644 Germanice
856 3592 988 3644 latissime
1005 3577 1098 3645 victor¹
1111 3592 1149 3642 lbl
1165 3595 1260 3657 periit:
1280 3591 1487 3644 commendebat

344 3688 499 3736 memoriam
518 3688 570 3750 sul,
589 3685 747 3751 orabatque,
765 3692 796 3736 ut
813 3701 843 3737 se
861 3686 895 3736 ab
914 3688 1012 3736 inlurla
1030 3685 1175 3737 oblivionis
1193 3685 1359 3738 adsereret“

428 3777 474 3844 ¹⁷⁵)
493 3776 534 3830 Oi.
555 3775 704 3832 Urlicitsius
723 3778 890 3846 „chrestum
908 3779 993 3830 Plln.“
1019 3780 1145 3845 Elnleitg.
1163 3795 1189 3844 p.
1207 3779 1282 3831 vin.
1307 3779 1363 3846 „Er
1380 3780 1486 3830 erwmb

344 3875 405 3925 sich
421 3887 475 3924 von
493 3874 542 3926 der
559 3873 747 3938 Oertlicblreit,
767 3875 820 3924 den
838 3873 927 3926 Sittsn
945 3875 1002 3926 und
1019 3873 1110 3940 Sagen
1129 3871 1318 3939 Germanicus,
1334 3877 1419 3926 sonis
1438 3874 1487 3925 des

345 3969 541 4021 matoesonden
559 3969 718 4034 belglschen
736 3967 857 4020 Gulllens
875 3971 935 4020 eius
954 3981 1060 4034 gersus
1083 3967 1139 4020 uad
1162 3967 1357 4022 mebaullehe
1375 3967 1486 4020 Kerat-

344 4062 426 4114 nlss.“
444 4077 470 4128 p.
489 4063 539 4114 iit

432 4154 478 4223 ¹²⁸)
496 4157 566 4208 Ana
584 4158 607 4222 1,
626 4159 674 4210 dd:
693 4157 808 4213 n'l'radlt
823 4157 853 4210 0.
870 4158 987 4223 Plinius,
1004 4157 1226 4210 Germanicorum
1241 4159 1377 4210 'bellorum
1396 4160 1487 4224 serip-

344 4257 403 4303 tor.
421 4288 428 4302 .
447 4289 453 4302 .
472 4233 488 4282 ⁶2
514 4252 605 4303 etum
622 4253 683 4302 nus
701 4252 778 4318 loen,
795 4257 863 4317 puta
881 4253 951 4304 net.
967 4253 1017 4318 111,
1036 4254 1082 4317 283
1101 4253 1171 4303 nnn.
1189 4253 1268 4317 xm,
1287 4255 1334 4317 205
1352 4254 1418 4318 nu,
1436 4253 1488 4317 aa,

345 4345 450 4398 Plinius
468 4346 609 4408 laudatum
628 4345 677 4396 sed
696 4346 739 4395 his
756 4345 825 4396 loeis
834 4347 946 4397 Tacitus
963 4346 1048 4397 libros
1066 4361 1083 4397 a
1100 4345 1153 4396 ilas
1167 4344 1270 4398 Aaddll
1279 4345 1359 4396 Bessi
1376 4349 1488 4412 trlgiute

345 4455 429 4493 unum
447 4437 534 4508 (Ptin
552 4439 622 4505 Epp.
640 4439 689 4506 111,
708 4439 745 4506 t.)
764 4443 792 4490 ln
809 4445 899 4490 mente
918 4440 1008 4492 hebet.
