3530 5374
582 653 694 719 Cinna.
721 653 821 720 Sulla.
846 654 1033 741 Poinpeius·
1052 655 1201 721 Crassus.
1219 653 1353 722 Caesar.
1369 654 1529 742 Lepidus.

581 766 754 835 Antonius.
776 766 971 852 Augustus).
1215 840 1219 848 ⁴
1278 795 1280 802 ·

584 879 626 946 dc
649 879 745 946 claris
765 879 896 946 illorum
919 888 1102 965 temporum
1125 879 1348 966 scriptoribus.

510 991 559 1057 15.
581 991 623 1056 de
647 993 786 1056 comitiis
810 1013 828 1058 e
850 1013 966 1076 campo
988 991 1032 1058 ad
1051 1001 1165 1076 patres
1190 991 1367 1070 translatis.
1440 1055 1442 1064 ,

508 1105 558 1169 54.
581 1104 623 1169 de
646 1103 814 1170 sodalibus
838 1105 950 1187 Titiis3
972 1107 1013 1171 cf.
1036 1105 1122 1172 Hist.
1145 1107 1195 1188 ΙΙ,
1219 1108 1270 1172 95.

508 1219 558 1282 72.
582 1218 721 1304 delego
743 1221 933 1283 maiestatis.
973 1219 974 1224 ’
1091 1211 1093 1216 ’

429 1380 438 1414 ,
509 1333 560 1398 39.
583 1332 625 1398 de
648 1335 757 1417 prisco
779 1331 932 1417 supplicii
952 1351 1053 1400 more·
1159 1395 1160 1400 ,
1287 1391 1292 1402 .
1357 1345 1361 1352 ’

510 1445 561 1509 34.
585 1445 626 1508 de
648 1444 829 1530 virginibus
852 1443 1052 1508 Vestalibus.

508 1560 560 1623 49.
584 1557 683 1626 aedos
705 1557 828 1623 Libero
850 1556 1058 1640 Liberaeque
1089 1567 1123 1624 ct
1145 1555 1259 1625 Cereri
1287 1560 1381 1626 iuxta
1409 1561 1529 1625 circum

562 1711 565 1716 -
584 1671 761 1738 maximum
783 1670 825 1735 ab
848 1669 889 1736 A.
911 1671 1082 1756 Postumio
1105 1669 1265 1736 dictatore
1289 1681 1387 1760 vota.
1415 1671 1530 1739 eodem

583 1785 615 1848 in
638 1781 711 1848 loeo
734 1781 835 1847 aedes
853 1781 974 1846 Florae
997 1783 1039 1846 ab
1062 1781 1099 1845 L.
1124 1791 1157 1848 et
1172 1782 1217 1848 M.
1233 1782 1391 1851 Publiciis
1414 1783 1531 1848 aedili-

483 1983 485 1987 γ
584 1895 646 1960 bus
677 1897 862 1962 commuta.
905 1893 985 1962 Iano
1013 1894 1170 1980 templum
1197 1895 1286 1980 apud
1308 1895 1415 1962 forum
1444 1896 1531 1960 holi-

500 2007 503 2011 ’
582 2010 701 2074 torium
735 2029 755 2072 a
786 2005 822 2074 C.
853 2003 964 2076 Duilio
993 2015 1170 2082 structum,
1215 2011 1272 2090 qui
1304 2011 1428 2092 primus
1461 2031 1531 2073 rem

455 2167 457 2174 >
583 2119 764 2186 Romanam
794 2139 952 2204 prospere
983 2121 1064 2186 mari
1091 2121 1204 2202 gessit.
1248 2117 1328 2204 Spei
1359 2120 1460 2186 aedas
1489 2121 1532 2184 ab

585 2233 625 2296 A.
648 2230 751 2296 Atilio
775 2230 891 2295 eodem
913 2229 1002 2296 bello
1024 2238 1112 2294 vota
1223 2291 1225 2296 .

459 2363 462 2372 ⁴
511 2345 562 2412 52.
585 2345 627 2410 da
649 2343 859 2410 Camillorum
882 2343 1017 2408 familia.

511 2458 562 2522 54.
584 2457 626 2522 de
650 2456 750 2522 Clarii
771 2455 936 2540 Apollinis
959 2456 1092 2520 oraculo
1115 2454 1203 2541 apud
1226 2455 1428 2542 Colophona.

510 2571 648 2633 60-61.
671 2568 715 2633 de
737 2568 894 2652 Aegypto
917 2565 1116 2650 (Germanici
1137 2571 1225 2634 iter.»
1242 2567 1398 2653 oppidum
1421 2565 1534 2632 Cauo-

585 2702 657 2766 pus.
690 2679 758 2744 Nili
781 2701 818 2746 os
841 2680 984 2747 dicatum
1012 2679 1163 2746 Herculi.
1194 2680 1325 2746 litterae
1346 2679 1534 2765 Aegyptiae

585 2792 751 2876 Thebisa
772 2792 946 2858 sacerdote
970 2792 1184 2878 explicantur.
1222 2791 1408 2858 Memnonis
1431 2810 1535 2855 saxea

585 2904 731 2988 efligies.
753 2903 964 2988 pyramidas).

513 3015 563 3082 85.
588 3016 630 3082 da
651 3015 871 3102 impudicitiae
894 3015 983 3100 apud
1006 3015 1131 3082 aedilm
1153 3016 1370 3100 professione.

447 3175 455 3205 ,
523 3126 661 3192 25-98,
685 3126 726 3191 de
750 3129 917 3211 principiis
940 3129 1037 3207 iuria,
1061 3135 1095 3190 ct
1115 3127 1236 3209 quibus
1256 3126 1364 3192 modis
1385 3125 1428 3191 ad
1451 3126 1535 3189 hanc

591 3237 831 3304 multitudinem
854 3237 1010 3303 infinitam
1033 3257 1073 3300 ac
1095 3239 1288 3304 varietatem
1317 3237 1427 3322 legum
1455 3258 1535 3321 pcr-

587 3357 720 3414 ventum
753 3351 796 3414 sit
813 3379 816 3388 ·
831 3351 1065 3432 (vetustissimi
1095 3347 1279 3414 mortalium
1312 3347 1442 3433 legibus
1470 3369 1536 3412 non

588 3458 788 3546 indigebant.
812 3459 1059 3526 dominationes.
1083 3459 1185 3544 leges.
1208 3459 1326 3526 Minos.
1351 3459 1535 3544 Lyeurgus.

588 3569 677 3638 Solo.
718 3572 887 3662 Romulus
928 3571 1044 3638 Numa
1079 3570 1203 3640 Tullus.
1238 3572 1360 3638 Aucus.
1399 3569 1535 3638 Servius

588 3684 724 3750 Tullius.
758 3685 956 3769 Tarquinius
988 3685 1112 3770 pulsus.
1146 3685 1332 3752 decemviri.
1363 3683 1535 3752 duodecim

588 3797 729 3862 tabulae.
762 3806 897 3864 secutae
930 3797 1023 3882 legas
1056 3819 1116 3882 per
1149 3799 1214 3862 vim
1252 3796 1348 3862 latae.
1384 3793 1536 3860 Gracchi.

588 3907 764 3976 Saturnini
786 3910 924 3976 Drusus.
947 3909 986 3974 L.
1008 3907 1111 3974 Sulla.
1134 3907 1291 3993 Lepidus.
1315 3910 1534 3992 quaestiones.

587 4020 647 4086 Cn.
655 4022 843 4106 Pompeius.
855 4018 980 4087 Caesar
989 4021 1169 4106 Augustus.
1178 4019 1537 4105 lexPapiaPoppaea).

511 4133 563 4199 33.
585 4133 627 4198 de
650 4131 779 4220 legibus
801 4129 918 4218 Oppiis
947 4131 1086 4216 aliisque
1113 4129 1155 4198 de
1184 4131 1343 4198 uxoribus
1376 4151 1537 4217 proprae-

586 4253 697 4310 torum
719 4247 803 4312 latis.

515 4356 653 4420 52--5u
675 4355 720 4422 de
739 4355 832 4420 luxu.

515 4468 565 4531 56.
588 4468 630 4532 de
652 4475 817 4553 potestate
840 4467 1031 4552 tribunicia3
1055 4468 1098 4536 of.
1123 4487 1149 4531 c.
1174 4468 1225 4536 59.
