3446 5380
1204 477 1330 574 'or

196 677 388 764 [moiun
419 677 467 760 αἷς
487 682 551 752 καὶ
578 678 636 751 τόν
664 676 759 760 νεών,
792 674 846 770 ἐφ’
869 674 909 748 οὗ
930 683 969 769 νῇ
996 673 1165 769 ἐκπσιὴσει
1186 672 1334 750 sinino

193 795 314 864 ἐκεῖνον
344 792 570 883 ἐπεχείρησεν,
604 792 847 877 incedemus,
878 785 1136 880 ἇντεγγραφῆναι
1168 790 1335 862 ἐκέλευσαν

192 909 434 995 (senatores)“.
484 909 537 974 Ac
577 929 649 974 cum
686 907 805 974 Cassio
834 907 941 972 Dione
978 908 1061 973 iacit
1089 903 1252 970 &wicum
1264 901 1334 986 ²⁸⁴):

195 1023 328 1088 ‚Primo
349 1029 524 1107 praeturae
546 1019 600 1085 dic
622 1019 663 1098 Q.
677 1018 831 1084 Catulum
853 1017 897 1084 de
917 1018 1098 1088 refectione
1116 1014 1271 1102 Capitolii
1291 1014 1335 1080 ad

191 1133 454 1216 disquisitionem
486 1131 601 1217 populi
632 1132 780 1212 vocavit,
813 1133 985 1216 rogatione
1017 1127 1238 1214 promulgata,
1270 1147 1335 1210 qua

191 1247 395 1312 curationem
417 1265 489 1310 earu
517 1247 551 1310 io
578 1244 677 1309 alium
707 1244 956 1310 tramferobat“
1003 1241 1069 1308 Sed
1098 1240 1232 1308 insidias
1261 1239 1334 1306 illus

192 1355 347 1424 Caesaris
368 1379 440 1422 non.
455 1377 615 1442 prospere
644 1359 784 1422 cessisse
817 1358 936 1442 partim
963 1354 1085 1420 additis
1114 1355 1165 1418 his
1187 1352 1335 1418 Suetonii

191 1468 320 1533 verbis:
344 1488 479 1551 „vorum
496 1471 604 1553 impar
626 1469 830 1553 optimatium
848 1468 1092 1552 conspirationi,
1115 1485 1197 1549 quos
1218 1463 1334 1531 relicto

191 1582 304 1646 stetim
337 1601 496 1646 novorum
526 1579 695 1644 consulum
725 1579 836 1644 officio
864 1579 1056 1664 frequentes
1087 1577 1334 1658 obstinatosque

190 1690 236 1756 ad
254 1691 473 1758 resistendum
486 1694 733 1758 concucurrisse
749 1689 915 1772 cernebat,
927 1689 1012 1756 hanc
1023 1688 1156 1774 quidem
1173 1690 1334 1754 actionem

191 1803 374 1889 dsposuit“
400 1837 437 1850 -
473 1804 591 1887 partim
622 1801 731 1868 Taciti
764 1802 838 1866 loco
867 1800 1126 1880 demonstratum
1166 1799 1220 1862 hic
1250 1801 1334 1864 onim
1444 1848 1449 1858 ,

191 1918 264 2001 ipse
287 1913 396 1980 Catuli
425 1935 543 1980 nomeu
566 1905 770 1999 Capitolinae
802 1913 877 1982 aedi
911 1916 1101 1999 inscriptum
1133 1914 1200 1976 suis
1231 1909 1333 1978 oculis

193 2025 310 2091 videre
330 2028 439 2112 potuit
460 2045 501 2090 ac
524 2035 613 2092 uene
634 2024 726 2090 vidit.

661 2289 866 2300 w

278 2493 531 2580 Comparaticnc
554 2495 639 2558 inter
650 2493 756 2558 Taciti
776 2514 950 2560 excursum
971 2504 1005 2560 ct
1018 2503 1199 2562 ceteromm
1216 2504 1333 2559 aucto-

191 2627 262 2669 rum
285 2605 376 2670 locos
398 2605 488 2668 facta
509 2603 589 2688 qnid
612 2604 653 2670 de
673 2608 776 2671 nostri
799 2609 968 2704 scriptoris
981 2609 1121 2671 doctrina
1143 2605 1332 2686 iudicemus,

192 2719 307 2802 paucis
329 2719 376 2781 ita
398 2716 659 2802 complectimur:

280 2856 308 2918 1.
331 2853 438 2920 Nemo
450 2856 591 2920 omnium
601 2875 708 2920 rerum
719 2857 914 2940 scriptorum
925 2855 1109 2924 accuratius
1118 2858 1333 2943 explicatius-

193 2985 257 3047 quo
280 2963 322 3030 de
345 2963 502 3050 Capitolii
522 2964 660 3032 historia
681 2965 807 3030 rettulit
828 2986 927 3048 quam
950 2966 1092 3032 Tacitus.

277 3103 306 3164 2.
329 3097 396 3165 Ubi
419 3099 557 3164 Tacitus
583 3121 603 3164 a
625 3101 825 3184 reliquorum
853 3110 1022 3166 auctorum
1050 3105 1236 3168 narratione
1264 3103 1333 3168 dis-

187 3220 316 3296 crepat,
338 3211 430 3276 velut
445 3211 488 3278 ds
501 3209 656 3298 Capitolii
674 3212 901 3278 aedificatione
920 3213 1037 3280 Servio
1049 3213 1158 3278 Tullio
1175 3222 1333 3300 regnante

193 3325 380 3388 continuata
408 3344 448 3388 ac
477 3323 519 3388 dc
549 3321 764 3388 dedicationis
791 3345 895 3406 auno,
925 3345 990 3388 uon
1018 3328 1146 3390 inscitia
1175 3344 1229 3390 res
1251 3335 1353 3389 cou·'

191 3434 318 3500 fudisse
340 3443 397 3499 aut
419 3437 514 3519 quusi
535 3457 580 3500 ex
601 3437 736 3524 ingenio
756 3437 909 3518 finxisse,
937 3437 998 3502 sed
1019 3439 1130 3523 potius
1152 3437 1235 3503 alios
1255 3435 1334 3502 iou-

191 3553 242 3612 tcs
258 3543 377 3630 quibus
392 3545 614 3630 probabiliore
628 3546 874 3629 exhiberentur,
892 3547 1082 3614 adhibuisse
1096 3548 1261 3634 putandus
1273 3559 1333 3615 cst

278 3684 308 3748 3.
331 3679 426 3748 Unus
449 3683 584 3749 Tacitus
607 3683 648 3749 de
677 3683 766 3749 bello
798 3705 870 3748 cum
899 3670 1069 3750 Porsenna
1095 3686 1192 3774 gesto
1220 3707 1333 3751 verum

193 3797 261 3858 sinc
283 3794 361 3857 fuco
383 3797 559 3860 memoriae
581 3795 734 3881 prodidit.
1195 3811 1198 3816 '

278 3934 308 3993 4.
331 3929 422 3994 Nihil
445 3940 557 3998 exstat
578 3935 610 3996 in
632 3933 689 3998 illo
711 3953 874 4014 excursu,
892 3899 923 3998 'si
946 3953 1043 4000 unam
1065 3933 1153 4000 illum
1176 3937 1332 4022 temporis

193 4043 351 4109 radonem
367 4047 555 4129 exceperis,
578 4044 668 4128 quod
684 4044 803 4110 falsum
819 4065 893 4110 csse
910 4066 970 4130 pro
985 4055 1076 4110 certo
1088 4045 1332 4111 contendamus.

446 4261 572 4269 ---—-——
891 4263 1024 4270 ...-...-.-
1031 4264 1052 4270 -.
1062 4265 1073 4269 ..
1080 4264 1112 4270 --
1122 4265 1152 4270 -..
1159 4263 1330 4272 ..v-Quum·-

279 4387 312 4416 e·
329 4386 342 4451 )
361 4387 439 4438 ones.
460 4387 499 4436 ra.
