3484 5374
352 473 447 562 so'

351 670 440 734 tione
463 668 658 753 discrepant
703 668 736 731 ls
768 669 850 732 enim
881 666 1046 752 explicate
1074 655 1178 732 refert
1200 668 1242 734 de
1265 669 1494 734 sacerdotibus

352 781 412 861 (cc.
435 781 463 843 7.
488 783 538 844 10.
560 781 611 844 40.
634 781 699 857 43.)
716 779 781 859 ¹³⁴),
804 779 846 844 de
867 780 1022 864 auspiciis
1045 780 1255 864 sortibusque
1278 781 1320 865 (e.
1345 783 1427 863 10.),
1451 781 1493 844 de

351 892 520 956 sacrificiis
543 892 603 976 (cc.
627 893 658 955 9.
680 892 761 970 aa),
791 899 891 975 atque
916 890 998 955 alios
1028 891 1110 955 deos
1142 912 1266 975 eosque
1288 892 1331 956 ab
1353 892 1417 958 illis
1440 892 1494 956 di-

352 1023 466 1068 versos
495 1003 649 1089 appellat
693 1003 844 1086 Namque
875 1001 990 1067 Tuisto
1008 1000 1060 1086 185)
1093 1001 1175 1068 deus
1208 1011 1298 1067 terra
1330 1003 1436 1069 editus
1459 1011 1494 1070 ct

352 1115 437 1182 lilius
449 1115 589 1180 Mannus
608 1113 656 1195 186)
678 1117 784 1199 gentis
800 1114 986 1180 conditores
1010 1115 1050 1195 (c.
1064 1116 1117 1196 2.),
1139 1114 1301 1180 Hercules
1323 1118 1362 1197 (o.
1372 1117 1417 1197 3.)
1432 1113 1492 1197 ω7),

351 1226 534 1292 Mercurius
553 1225 615 1310 Ι99),
637 1226 728 1292 Mars
744 1225 804 1306 ¹⁰⁹),
828 1227 889 1292 Isis
913 1228 951 1308 (c.
975 1228 1019 1307 9.)
1040 1225 1100 1308 ¹⁴⁰),
1123 1226 1268 1294 Nerthus
1291 1229 1331 1309 (c.
1353 1230 1417 1308 40.)
1432 1225 1492 1308 ¹⁴¹),

351 1361 469 1404 numen
488 1341 540 1403 cui
551 1338 644 1404 Alcis
660 1336 709 1417 ¹⁴²)
728 1359 846 1402 nomen
869 1331 993 1419 (043),
1016 1361 1036 1402 a
1054 1337 1226 1404 Germanis
1242 1339 1443 1404 colebantur.
1465 1339 1492 1403 li

354 1471 435 1529 „uec
447 1451 601 1526 cohibere
618 1450 798 1534 parietibus
811 1449 892 1514 deos
905 1469 1013 1532 neque
1028 1451 1060 1512 in
1076 1449 1172 1512 ullam
1186 1451 1317 1514 humani
1332 1452 1398 1514 oris
1413 1471 1493 1536 spe-

352 1564 434 1627 ciem
445 1563 642 1628 adsimulare
659 1582 701 1626 ex
718 1560 940 1646 magnitudine
957 1561 1146 1626 caelestium
1161 1561 1377 1626 arbitrantur:
1400 1561 1491 1628 lucos

351 1693 391 1738 ac
403 1694 537 1739 nemora
548 1681 739 1739 consecrant
746 1672 949 1755 deorumque
960 1672 1143 1737 nominibus
1155 1672 1491 1758 appellantsecretum

358 1881 688 1890 m...-

439 2013 483 2081 ι“)
503 2014 627 2066 Caesaris
646 2017 730 2068 verba
748 2017 919 2080 aliquatenus
937 2031 998 2066 cum
1017 2017 1106 2068 'faciti
1128 2018 1195 2067 loeis
1219 2019 1258 2068 ita
1282 2017 1398 2068 fortasse
1423 2033 1491 2068 cou-

352 2109 444 2159 ciliare
461 2111 573 2176 poteris,
591 2115 623 2160 ut
638 2109 834 2162 Germanorum
852 2111 1011 2162 sacerdotes
1028 2125 1082 2160 non
1101 2115 1257 2175 separatum
1276 2113 1353 2175 quasi
1371 2110 1492 2162 ordinem

352 2201 477 2254 druidum
502 2207 588 2256 instar
611 2206 696 2256 fuisse
722 2205 803 2256 dicas.
841 2205 881 2256 Ci.
900 2202 1030 2257 Delmino
1048 2205 1114 2267 „Dic
1133 2205 1239 2270 Kdnige
1257 2204 1306 2255 der
1323 2204 1491 2257 Germanenss

353 2297 373 2347 Ι.
391 2296 504 2365 Abthlg.
522 2315 548 2365 p.
567 2301 678 2352 80-84.

438 2392 483 2458 ¹⁸⁸)
501 2393 542 2444 Gi.
561 2389 739 2457 Mundentoff
760 2393 880 2448 „Ztscha
905 2394 922 2442 i.
943 2393 1089 2445 deutsches
1112 2392 1284 2443 Alterutrum«
1311 2392 1361 2443 IX.
1388 2409 1413 2458 p.
1433 2395 1491 2444 259.

352 2489 453 2541 Contra
474 2488 603 2548 Zeusct‘us
626 2491 692 2554 (1.1.
717 2505 742 2554 p.
762 2491 816 2555 ta.)
839 2494 867 2539 et
889 2488 917 2542 J.
935 2487 1085 2542 Grimmt'uo
1108 2488 1278 2555 t„lleutsohe
1303 2487 1490 2555 Mythologic⁸¹

352 2585 394 2635 ad.
412 2585 447 2636 11.
472 2601 499 2649 p.
519 2587 576 2636 lid.
602 2585 673 2650 010.)
719 2585 853 2638 ηΤιιὶεοο“
878 2583 1051 2637 scribendum
1076 2599 1136 2636 esse
1161 2590 1279 2635 censent.
1316 2585 1368 2634 Illo
1386 2589 1492 2636 nomine

353 2680 497 2738 ,Wooanu
515 2683 603 2745 gentis
622 2685 726 2744 patrem
745 2679 891 2744 significari
907 2684 1004 2731 auctor
1022 2685 1065 2732 est
1081 2678 1173 2732 Zetae.
1191 2680 1209 2730 l.
1228 2682 1245 2730 l.
1263 2695 1289 2746 p.
1310 2681 1351 2730 22.

439 2774 484 2841 ¹¹⁶)
503 2776 596 2826 Manui
613 2774 676 2826 liliis
694 2776 761 2826 baec
780 2777 888 2825 nomina
906 2775 990 2825 luisse
1008 2776 1101 2842 „Iugo,
1120 2776 1191 2842 Iseo,
1209 2775 1356 2826 Hermino⁸⁶
1375 2773 1493 2826 affirmat

353 2869 380 2926 J·
398 2867 510 2923 uriam.
528 2868 544 2918 l.
563 2871 580 2919 l.
600 2885 626 2935 p.
645 2871 704 2921 320.

439 2963 484 3032 ¹⁸⁷)
502 2965 647 3016 Herculem
665 2981 715 3031 pro
734 2965 879 3020 „Taenare
898 2965 980 3015 habet
997 2962 1089 3016 Zetes.
1108 2965 1125 3013 l.
1144 2965 1161 3012 l.
1180 2979 1206 3028 p.
1226 2963 1277 3028 20,
1296 2961 1447 3018 Murum.
1466 2965 1493 3011 in

353 3059 394 3110 ed.
412 3060 433 3109 I.
450 3075 477 3124 p.
497 3059 556 3110 209.
575 3075 624 3124 pro
644 3057 828 3123 „Seaxneit“,
846 3058 895 3108 sed
914 3061 941 3107 in
960 3057 1001 3108 ed.
1020 3057 1054 3108 11.
1073 3070 1099 3122 p.
1119 3059 1176 3109 338.
1195 3073 1244 3122 pro
1264 3057 1388 3112 „irmin⁸.

439 3153 483 3217 ²⁸⁸1
502 3153 654 3206 Mercurius
663 3151 776 3206 Zeusst'o
788 3154 805 3202 l.
815 3153 833 3202 1.
847 3169 874 3218 p.
885 3155 925 3203 21.
937 3157 979 3204 est
994 3151 1151 3216 „Wodan“;
1170 3153 1204 3203 ci.
1213 3150 1326 3205 Grimm.
1338 3153 1354 3203 l.
1365 3152 1383 3203 l.
1398 3168 1423 3217 p.
1435 3153 1493 3203 122.

440 3247 485 3314 η’)
503 3249 591 3300 Marte
609 3247 755 3314 significari
774 3248 861 3302 „Titu‘
880 3248 1026 3299 arbitratur
1043 3241 1135 3302 Zaba
1153 3249 1170 3298 i.
1188 3249 1207 3296 l.
1224 3263 1252 3312 p.
1271 3247 1313 3298 22.
1333 3248 1374 3298 24.

439 3341 484 3411 ¹⁴⁰)
502 3344 602 3396 Isidem
620 3344 779 3418 alterutram
793 3357 854 3396 esse
867 3343 979 3394 dearum
988 3341 1159 3394 Slavlcarum
1172 3341 1299 3417 „Zhiwa“
1318 3346 1366 3394 aut
1377 3342 1493 3398 „tessus

352 3437 535 3504 putathuss.
552 3441 570 3489 1.
588 3441 606 3490 l.
623 3454 650 3504 p.
660 3441 702 3490 40.
730 3437 784 3490 Sed
803 3440 900 3495 „zisau
919 3438 967 3487 illa
982 3437 1027 3488 vel
1042 3436 1149 3502 „cuae
1168 3451 1249 3502 quam
1259 3436 1337 3488 deam
1350 3435 1494 3502 Augustas

352 3530 556 3584 vindelicorum
573 3530 685 3585 Grimm.
702 3533 720 3582 l.
738 3535 757 3584 i.
775 3548 801 3598 p.
821 3533 878 3582 275.
898 3547 928 3582 se
946 3533 1081 3582 invenisse
1104 3533 1257 3596 existimat,
1279 3545 1392 3595 prorsus
1410 3531 1494 3581 fabu-

353 3627 413 3678 losa
431 3632 481 3677 est.

440 3719 484 3787 111)
502 3719 632 3774 maram
649 3723 666 3772 l.
684 3723 702 3772 l.
726 3738 752 3787 p.
772 3723 804 3774 20
829 3736 883 3785 sq.:
915 3721 1066 3785 ,Nertbusfl
1091 3721 1259 3786 prostbctico
1282 3719 1307 3770 N
1337 3724 1495 3784 corruptum

354 3832 416 3870 esse
435 3834 471 3868 ex
489 3817 606 3872 „Ertbus
625 3839 656 3862 =
674 3816 762 3868 Erde“
781 3819 915 3882 opinatur.
951 3815 1061 3882 Optime
1085 3831 1151 3866 saue
1170 3815 1223 3866 hoc
1241 3830 1302 3866 cum
1320 3815 1410 3864 Taciti
1433 3814 1494 3863 loco

354 3918 530 3980 congruerat,
554 3913 601 3964 ubi
618 3912 739 3964 Nsrtbus
757 3913 841 3963 Terra
859 3916 946 3962 mater
963 3911 1125 3977 appellatur.
1162 3908 1217 3962 Sed
1234 3909 1303 3962 iilud
1320 3909 1346 3959 N
1363 3908 1495 3974 prosthe-

355 4011 439 4060 tieum
456 4023 511 4058 non
528 4008 638 4059 videtur
655 4021 736 4073 posse
754 4007 871 4073 probari.
899 4005 940 4057 Oi.
958 4021 984 4072 p.
1000 4007 1040 4058 79.
1059 4001 1209 4058 Grimmitta
1227 4004 1244 4054 l.
1263 4005 1280 4054 l.
1299 4018 1325 4070 p.
1337 4005 1395 4056 200.
1414 4007 1496 4056 vocat

356 4102 486 4161 „Nirdu“.

440 4196 485 4264 ¹⁸²)
505 4196 614 4253 „Aleis¹‘
634 4199 771 4264 genitivus
789 4197 857 4262 sing.
877 4199 912 4246 sit
930 4211 964 4246 an
984 4195 1094 4247 dativus
1111 4196 1196 4261 plur,
1221 4195 1312 4246 adhuc
1337 4195 1387 4245 sub
1406 4193 1495 4246 iudice

354 4295 388 4346 iis
406 4298 462 4358 est3
479 4307 568 4358 neque
585 4293 659 4344 unda
674 4293 814 4344 derivetur
828 4293 922 4356 liquet.
940 4288 1070 4344 stttiua
1081 4291 1099 4341 l.
1109 4292 1126 4341 1.
1137 4305 1164 4355 p.
1172 4292 1214 4342 00.
1230 4291 1365 4356 intellegit
1375 4289 1493 4354 „Freym

355 4392 384 4438 et
401 4388 534 4454 „Freyjffl
553 4389 660 4440 fratres.
688 4388 776 4440 Valde
794 4388 939 4440 obscuram
957 4387 1106 4438 esssbanc
1124 4400 1180 4436 reru
1199 4387 1300 4437 fatetur
1318 4383 1430 4438 Grimm.
1448 4385 1495 4434 1.1.

355 4497 382 4548 p.
401 4483 443 4532 tt.
461 4485 520 4534 000.
