3530 5374
449 687 608 766 Quoniam
629 690 702 771 ipso
731 707 852 772 genere
882 687 924 752 ad
946 691 1156 773 magistratus
1187 689 1408 775 capessendos
1438 693 1499 757 de-

362 801 499 864 stinatus
523 807 604 878 erat,
627 798 778 864 dubitare
800 821 865 866 non
886 821 1071 885 possumus,
1095 803 1173 884 quin
1195 805 1299 866 omnis
1322 805 1391 866 eius
1415 803 1499 868 edu-

362 913 447 980 catio
470 931 510 974 eo
532 913 748 993 spectaverit,
778 919 816 974 ut
844 931 941 994 quam
963 914 1150 996 aptissimus
1178 912 1221 976 ad
1243 935 1312 977 rem
1335 914 1498 998 publicam

361 1021 648 1086 administrandam
683 1020 848 1086 evaderet.
903 1022 1048 1087 Proinde
1085 1024 1269 1088 rhetoricae
1309 1025 1498 1090 eruditionis

359 1136 437 1214 iter,
469 1133 574 1216 qualis
596 1133 653 1196 illa
681 1141 790 1197 aetate
812 1135 846 1196 in
867 1155 929 1198 usu
952 1142 1024 1198 erat
1045 1143 1145 1219 atque
1168 1157 1212 1202 ex
1236 1137 1425 1216 Quintiliani
1446 1140 1499 1200 in-

360 1247 529 1309 stitutione
552 1246 693 1307 oratoria
721 1243 818 1308 hodie
849 1264 981 1328 quoque
1012 1249 1165 1332 cognosci
1186 1255 1312 1331 potest,
1341 1246 1497 1333 gradibus

359 1375 550 1438 percurrere
573 1354 725 1422 debebat.
769 1356 843 1434 Qua
864 1359 897 1419 in
926 1378 962 1421 re
996 1378 1036 1422 eo
1064 1360 1170 1424 miuus
1193 1381 1212 1423 a
1234 1381 1314 1424 vero
1345 1361 1498 1428 aberrare

359 1467 438 1530 mihi
459 1465 584 1548 videor,
607 1467 696 1550 quod
706 1470 813 1552 ipsum
825 1468 1059 1558 Quintilianum
1072 1470 1179 1536 Taciti
1192 1475 1383 1557 magistrum
1394 1473 1497 1538 fuisse

358 1599 424 1642 non
446 1578 550 1642 solum
573 1582 722 1664 suspicor
735 1581 771 1662 ⁵),
795 1602 908 1645 verum
932 1584 1030 1646 etiam
1053 1587 1295 1668 comparatione
1317 1587 1402 1650 inter
1423 1582 1497 1648 dia-

359 1690 470 1776 logum
505 1700 539 1755 et
573 1693 763 1771 Quintiliani
794 1694 910 1759 librum
944 1703 1097 1760 accurate
1130 1699 1277 1760 instituta
1309 1719 1369 1782 pro
1407 1704 1496 1760 certo

358 1801 495 1872 affirmo.
541 1801 649 1867 Hanc
684 1807 878 1870 sententiam
919 1806 1004 1870 infra
1044 1807 1204 1890 prolixius
1237 1807 1403 1892 probabo:
1444 1809 1497 1873 hic

1189 2001 1247 2008 n.-

359 2112 468 2178 (Philol.
486 2114 578 2164 XXV.
596 2128 623 2178 p.
643 2113 706 2180 aa).
725 2115 820 2180 Neque
838 2131 904 2166 vero
922 2116 1018 2167 Haasii
1035 2122 1194 2181 argumenta
1211 2119 1275 2168 mihi
1293 2127 1494 2184 persuaserunt.

357 2206 464 2257 Etenim
482 2223 543 2258 curn
561 2211 688 2259 universa
707 2213 830 2274 quaestio
848 2211 969 2275 pendeat
986 2212 1020 2261 ab
1038 2212 1080 2260 his
1098 2212 1189 2261 verbis
1207 2217 1281 2262 recte
1308 2214 1495 2278 expllcaudls:

359 2301 534 2380 „dignitatem
552 2307 672 2352 nostram
691 2317 707 2352 1
723 2301 894 2369 Vespasiano
913 2303 1083 2369 inchoatam,
1102 2319 1118 2354 a
1136 2303 1197 2354 'I'ito
1216 2313 1339 2372 auctam,
1364 2322 1381 2356 a
1397 2308 1495 2360 Domi-

357 2399 430 2447 11110
447 2396 555 2461 lougius
572 2402 732 2460 provectam
756 2411 809 2448 nou
833 2396 990 2448 1111111111ιι
1018 2398 1101 2464 (Η111.
1120 2399 1147 2464 1,
1167 2397 1218 2464 1.)=
1246 2403 1399 2466 quaeritur,
1426 2417 1496 2467 quse

357 2491 440 2541 fuerit
456 2492 504 2540 1111
515 2490 650 2554 dignitas?
668 2494 869 2556 vigintiviratus
885 2506 919 2541 an
938 2492 1105 2554 quaestura?
1123 2491 1196 2544 Beue
1215 2491 1497 2560 igiturNa'pperdeius

356 2584 402 2634 1.1.
418 2585 500 2648 pIV.
514 2585 692 2649 disceptavit:
712 2585 796 2651 „Hier
813 2586 886 2636 kann
904 2601 965 2635 man
985 2587 1059 2636 nicht
1077 2602 1111 2636 an
1130 2587 1182 2636 den
1200 2588 1354 2638 tribunatus
1371 2588 1495 2654 militum,

357 2679 408 2729 den
426 2681 627 2742 vigintiviratus
645 2679 699 2730 und
716 2683 759 2730 eiu
776 2680 958 2730 sacerdotium
974 2681 1014 2730 als
1028 2680 1080 2730 den
1097 2685 1186 2730 ersten
1200 2680 1255 2729 und
1268 2685 1383 2731 uweiten
1394 2680 1497 2732 Schritt

357 2773 477 2824 deuiren:
506 2773 577 2824 deun
592 2774 658 2838 jane
676 2775 774 2825 beiden
791 2790 884 2826 waren
903 2791 936 2824 au
960 2779 1056 2840 garing
1079 2774 1135 2828 und
1158 2775 1342 2840 gewiiimlich,
1367 2777 1407 2826 111
1433 2775 1496 2826 dass

357 2870 400 2918 eiu
414 2866 547 2918 Consular-
564 2872 603 2919 sie
622 2870 663 2918 als
682 2871 756 2920 aeine
775 2874 847 2920 erate
858 2869 1010 2935 itangstui'e
1028 2869 1189 2920 bezeichnet
1206 2870 1297 2934 hutte3
1316 2873 1356 2920 sie
1375 2871 1497 2922 erhoben

356 2962 431 3012 nicht
459 2963 528 3014 iiber
553 2964 604 3013 den
628 2963 812 3030 Ritterstaud,
842 2964 897 3014 und
920 2980 971 3015 nur
995 2965 1039 3015 die
1058 2963 1303 3015 Senatoreuwiirde
1328 2964 1496 3028 begriindete

357 3060 416 3107 eine
434 3059 574 3108 wirkliche
592 3058 754 3124 Erhebung:
782 3062 826 3109 ein
845 3061 1027 3116 sacerdotium
1046 3060 1112 3109 aber
1128 3058 1224 3109 wurde
1242 3058 1390 3110 wiederum
1409 3061 1496 3108 ciuem

356 3153 435 3202 homo
455 3167 557 3218 novus,
575 3155 627 3203 wie
646 3151 758 3203 Tacitus
777 3167 806 3202 es
824 3169 894 3219 war,
911 3156 1013 3218 gewiss
1031 3153 1106 3202 nicht
1125 3167 1174 3202 vor
1192 3151 1253 3202 dem
1270 3151 1380 3201 liintritt
1398 3154 1425 3202 iu
1444 3151 1496 3202 den

356 3247 441 3298 Sonat
458 3247 608 3314 gewshrc‘.
635 3246 689 3300 Sed
707 3251 794 3298 maius
813 3253 893 3300 etiam
914 3253 1103 3314 argumentum
1122 3247 1241 3310 accedit,
1260 3250 1284 3296 si
1293 3248 1404 3296 Tacitus
1423 3248 1497 3296 illius

355 3341 483 3407 Belgicae
502 3346 685 3407 procuratoris
703 3342 776 3393 filius
795 3348 861 3394 erat.
889 3343 1012 3408 Namque
1031 3347 1223 3408 procuratores
1243 3341 1303 3392 inde
1323 3343 1357 3392 ab
1370 3341 1495 3408 Augusto

355 3440 382 3488 in
406 3440 559 3502 provincias
584 3441 655 3488 mitti
678 3439 803 3489 solebant
827 3441 932 3504 equites
957 3441 1093 3489 senatorio
1118 3451 1200 3488 ceusu
1225 3440 1285 3487 sive
1311 3436 1446 3502 illustres,
1481 3452 1495 3488 e

355 3547 468 3597 quorum
483 3531 545 3580 filiis
556 3535 694 3595 tamquam
709 3535 851 3582 seminario
863 3537 975 3584 senatus
987 3532 1136 3596 legebatur.
1155 3528 1201 3582 Sic
1216 3532 1243 3580 in
1252 3529 1317 3594 Agr.
1328 3529 1350 3578 b.
1365 3530 1495 3594 legimus:

355 3627 482 3694 „Gnaeus
506 3627 592 3676 Iulius
615 3625 822 3691 Agricola...
846 3631 991 3690 utrumque
1015 3642 1097 3676 avum
1120 3630 1325 3690 procuratorem
1349 3622 1496 3675 Caesarum

354 3722 466 3788 babuit,
491 3737 560 3786 quae
585 3720 714 3788 equestris
737 3723 864 3772 nobilitas
888 3727 938 3772 est.
974 3721 1057 3772 Pater
1083 3722 1169 3774 Iulius
1188 3721 1339 3773 Graecinus
1364 3717 1497 3772 samiera

355 3816 464 3866 ordinis.
484 3853 490 3864 .
509 3853 514 3864 .
535 3815 558 3864 .“
586 3815 712 3880 Dignitas
729 3819 813 3880 igitur
830 3819 922 3867 nostro
941 3816 1001 3865 loco
1021 3816 1075 3866 alia
1093 3830 1125 3866 11
1143 3813 1282 3866 senatoria
1300 3815 1425 3880 intellegi
1442 3829 1495 3864 non

353 3913 459 3974 potest3
489 3915 570 3974 etque
592 3911 660 3962 baec
684 3926 701 3960 a
730 3914 817 3976 primo
843 3913 1006 3976 quaesturae
1032 3910 1119 3974 gradu
1151 3910 1336 3961 inchoabatur.
1372 3909 1495 3974 Denique

353 4008 440 4070 ipsius
457 4005 602 4072 Agricolae
620 4005 777 4071 exemplum
795 4004 890 4056 afferre
909 4006 1009 4056 licebit.
1044 4004 1194 4069 Postquam
1213 4007 1284 4054 enim
1302 4005 1414 4056 Tacitus
1433 4018 1496 4056 eum

354 4104 440 4166 prima
458 4106 608 4152 castrorum
626 4101 779 4152 rudimenta
796 4103 823 4150 in
841 4099 982 4151 Britannia
1006 4101 1144 4151 tribunum
1167 4101 1281 4150 militum
1299 4099 1496 4164 approbavisse

354 4197 475 4246 narravit
493 4195 527 4261 (c.
539 4193 591 4260 5.),
609 4197 732 4259 proximo
743 4210 765 4245 c.
776 4196 799 4245 6.
819 4198 857 4244 ita
869 4197 971 4260 pergit:
991 4193 1078 4259 „Hinc
1087 4189 1124 4244 ad
1133 4189 1309 4260 capessendos
1319 4191 1497 4260 magistratus

355 4291 381 4337 in
408 4289 503 4339 urbem
530 4288 668 4354 digressus
697 4289 843 4339 Domitiam
871 4288 1047 4340 Decidisnam
1073 4325 1079 4337 .
1100 4323 1132 4338 ..
1158 4288 1210 4338 sibi
1239 4291 1328 4338 iunxit
1436 4303 1495 4338 sors

354 4386 516 4448 quaesturae
534 4386 700 4448 provinciam
718 4383 839 4434 Asiam.
859 4421 864 4433 .
884 4421 890 4433 .
910 4381 1011 4433 dedit“.

443 4494 464 4560 ⁵)
484 4491 609 4546 Haustus
626 4495 643 4544 l.
664 4495 681 4544 l.
699 4509 725 4559 p.
745 4495 812 4556 vn;
831 4491 1022 4562 Nipperdeius
1038 4493 1055 4542 l.
1075 4494 1092 4543 1.
1103 4451 1135 4558 p.
1154 4493 1187 4544 V.
