3484 5374
384 453 446 520 110

466 623 584 706 Neque
620 632 730 689 tamen
762 624 911 693 Tacitum
952 625 995 692 de·
1029 627 1263 710 antiquissimis
1300 627 1524 694 Romanorum

380 736 669 819 rebus.rtamquora
690 739 853 806 erravisse
876 737 954 800 mihi
976 741 1009 802 in
1031 725 1172 804 mentem
1195 742 1285 802 venit
1307 739 1524 806 contendere:

382 846 424 912 de
445 850 485 912 iis
507 868 568 914 nee
596 847 670 932 pius
700 867 760 914 nec
789 850 894 915 minus
923 850 1164 934 posterioribus
1187 850 1344 915 Romanis
1374 852 1525 919 omuibus

382 978 455 1027 eum
483 959 688 1026 intellexisse
710 960 788 1024 mihi
809 952 1001 1045 persuasum
1027 970 1085 1028 est.
1129 962 1177 1026 At
1199 965 1227 1026 si
1250 965 1325 1046 quis
1348 973 1526 1049 propterea

380 1071 501 1141 nullam
522 1092 591 1136 rem
614 1073 822 1138 auster-ibus
844 1093 952 1138 rarum
975 1074 1362 1157 scriptoribustraditam
1381 1074 1524 1160 probare

380 1185 497 1267 vellet,
536 1207 603 1250 nou
633 1206 714 1252 sano
742 1185 864 1250 iudicio
893 1193 1051 1252 uteretur.
1105 1185 1224 1270 Neque
1254 1189 1339 1272 enim
1377 1189 1446 1252 seio
1484 1209 1526 1255 un

380 1317 475 1364 nemo
499 1295 636 1378 dubitet,
659 1300 737 1381 quin
759 1297 805 1360 illi
828 1297 947 1362 multas
971 1319 1024 1368 res
1046 1300 1110 1363 iam
1132 1298 1261 1382 pridem
1285 1306 1398 1384 gestas
1412 1319 1524 1365 veram

380 1409 500 1475 famam
521 1411 627 1478 secuti
648 1411 832 1475 rectissime
852 1408 1046 1474 rettulerint.
1080 1469 1081 1472 ,

466 1522 573 1588 Valde
601 1525 701 1608 igitur
729 1525 845 1588 mirum
875 1523 955 1591 mihi
990 1545 1064 1590 csse
1095 1525 1243 1606 videtur,
1273 1527 1363 1609 quod
1387 1529 1462 1610 ipsa
1484 1524 1526 1590 de

381 1642 558 1718 quaestura
579 1634 687 1700 Taciti
715 1638 900 1702 narratione
925 1639 991 1712 viri
1017 1639 1221 1720 antiquitatis
1247 1641 1434 1722 peritissimi
1463 1638 1526 1704 ad-

381 1747 470 1812 dueti
493 1756 578 1830 aunt,
601 1757 637 1812 ut
653 1748 696 1815 de
714 1750 817 1814 nostri
829 1769 936 1814 rorum
954 1751 1124 1834 scriptoris
1139 1752 1266 1816 inscitia
1284 1768 1526 1834 conquereren-

380 1867 442 1922 tur.
476 1859 527 1922 Ita
544 1857 747 1940 Nicostratus,
770 1859 826 1923 ubi
844 1859 887 1924 de
905 1867 1087 1943 quaestura·
1100 1863 1187 1946 agit,
1209 1863 1409 1932 transeundo
1432 1866 1525 1946 quasi

268 1963 274 1974 '
380 1979 514 2036 annotat
539 1970 634 2053 „dass
657 1970 791 2036 Tacitus
813 1971 1036 2056 merkwtirdig
1057 1971 1213 2055 darthue‚
1244 1976 1306 2039 wie
1328 1975 1436 2040 fremd
1459 1975 1524 2038 ihm

380 2083 444 2146 alle
472 2082 714 2146 Bestimmtheit
745 2081 804 2148 der
835 2081 1092 2168 Vorstellungen
1122 2102 1188 2150 von
1217 2085 1524 2156 stuatsrechtliehen

313 2221 318 2238 ·
380 2173 630 2260 Verhiiltnissen
652 2195 746 2258 war“
760 2193 825 2276 298).
870 2194 969 2274 Quod
1000 2217 1060 2260 suo
1089 2198 1159 2261 iure
1190 2196 1404 2261 Niebuhrium
1438 2197 1525 2262 iudi·

382 2309 509 2372 cavisse
521 2315 634 2371 censet
646 2307 911 2390 Beckercsatque
929 2305 1037 2371 addit:
1061 2309 1112 2393 „je
1131 2309 1332 2394 uuriehtiger
1344 2310 1413 2375 sich
1425 2309 1524 2375 Taci-

381 2427 434 2484 tus
461 2420 674 2505 Darstellung
702 2421 804 2484 echon
824 2423 865 2483 in
894 2420 1018 2484 andern
1039 2421 1193 2485 Puukten
1223 2425 1399 2504 erwiesen‚
1430 2423 1525 2486 desto

380 2534 539 2616 genuisset
566 2532 649 2595 wird
678 2550 752 2594 man
781 2532 852 2594 sich
881 2532 952 2596 hier
974 2548 1081 2617 gegen
1110 2533 1169 2594 ihu
1200 2526 1366 2623 erlu'litren¹
1381 2539 1524 2612 missen,

381 2663 434 2706 wo
453 2642 523 2706 sich
537 2620 589 2706 die
606 2642 1028 2724 wahrscheiulicheQuelle
1051 2644 1111 2707 des
1133 2643 1293 2709 Irrthurns
1315 2646 1524 2714 naehweisen

380 2751 482 2818 ltsst“
498 2752 561 2836 ²⁹⁹).
612 2753 680 2819 Sed
709 2775 795 2840 quae
824 2755 942 2820 deinde
970 2756 1140 2822 B‘ecirerus
1170 2751 1373 2842 suspicatur,
1402 2755 1524 2820 nullam

380 2863 600 2948 persuadendi
622 2869 687 2929 vim
709 2866 840 2932 habent.
884 2865 1139 2932 Acerbissimum
1163 2887 1244 2932 vero
1268 2865 1452 2948 Setiaepterr'
1473 2875 1525 2945 est

380 2975 548 3043 iudicium:
585 2976 683 3058 „Wie
711 2979 788 3042 sehr
822 2978 896 3042 dem
926 2977 1083 3044 Zeitslter
1119 2978 1179 3043 der
1206 2965 1333 3043 Otisarn
1361 2979 1428 3044 atie
1455 2978 1524 3042 Be·
1576 3037 1579 3040 .

377 3088 569 3153 stimmtheit
593 3086 652 3152 der
672 3086 929 3174 Vorstelluugen
957 3089 1039 3153 tiber
1066 3089 1126 3154 das
1149 3090 1312 3154 riimische
1335 3090 1522 3154 Alterthum

378 3198 445 3263 und
473 3197 654 3262 besonders
685 3199 766 3263 iiber
795 3196 847 3262 die
878 3199 1186 3264 staatsrechtliehen
1208 3199 1440 3265 Verhitituisse
1463 3199 1522 3264 der

377 3309 549 3374 aiteuZeit
563 3305 737 3372 abbendon
754 3309 950 3394 gekommen
963 3313 1025 3391 ist,
1049 3314 1142 3396 aeigt
1159 3311 1358 3380 numentiich
1377 3310 1522 3396 Tacitus,

377 3419 497 3486 dassen
519 3419 759 3506 gelegentiiehe
781 3422 1025 3505 antiquarischa
1045 3423 1214 3510 Augaben
1230 3425 1299 3489 fast
1317 3422 1382 3488 alle
1404 3422 1522 3506 falech,

377 3532 577 3596 mindestens
600 3530 659 3596 des
681 3531 840 3598 Irrthums
862 3533 981 3598 hiiehst
1003 3534 1197 3620 verdiichtig
1219 3535 1312 3600 sind“
1327 3533 1391 3620 ³⁰⁰).
1431 3535 1522 3600 Inter

378 3640 547 3725 exempla,
577 3642 695 3724 quibus
719 3642 802 3707 ha'ne
824 3646 951 3708 tristem
974 3665 1067 3709 suum
1090 3649 1284 3710 sententiam
1307 3648 1520 3732 comprobare

378 3761 528 3833 conatur,
552 3755 649 3818 etiam
674 3761 872 3836 quaesturae
894 3755 1063 3822 historiam
1085 3760 1240 3823 nominat.

461 3863 550 3942 Quid
573 3863 615 3930 de
638 3865 774 3947 reliquis
797 3865 904 3930 Taciti
933 3865 1015 3930 locis
1043 3887 1100 3932 rest
1119 3870 1273 3952 antiquas
1294 3871 1521 3956 spectantibus

377 3973 584 4040 iudicandum
607 3979 660 4058 sit,
683 3977 737 4040 hic
758 3977 908 4042 nolumus
925 3977 1127 4064 disceptare3
1157 3979 1217 4046 sed
1240 4001 1325 4065 quae
1348 3982 1390 4046 de
1413 4003 1520 4066 quae·

922 4147 1511 4163 Ἢ*

463 4261 511 4327 ¹⁹⁸)
528 4263 559 4312 Is
577 4264 594 4312 l.
613 4263 660 4312 ΙΙΙ.
680 4271 769 4314 annot.
791 4265 866 4314 10⁰8.

464 4355 510 4423 rra)
528 4359 559 4408 L.
577 4362 595 4408 ι,
614 4357 649 4423 11,
668 4360 693 4422 2,
712 4360 770 4408 342

465 4450 510 4514 ru0)
530 4452 560 4505 L.
579 4451 596 4500 l.
615 4452 637 4516 1,
658 4453 713 4501 lto.
