3484 5374
1202 499 1243 566 tt

114 677 209 760 ripam
231 675 288 757 (sc.
305 677 347 744 ab
357 673 521 764 Agrippa)
543 677 731 744 collocem:
753 675 936 763 Agrippam
958 669 1045 742 falso
1067 697 1128 762 pro
1151 673 1246 740 colo-

114 791 180 852 niae
201 787 451 874 Agrippinensis
474 789 644 855 conditore
667 789 837 855 habuerat

183 923 319 991 'Deinde
342 925 533 992 seuuemo
564 927 661 993 sedes
693 931 817 1013 pariter
847 925 1031 992 indicantur
1060 945 1080 992 a
1111 923 1246 992 Caesare

113 1033 287 1122 (atam,
312 1039 392 1124 la),
415 1039 517 1103 Plato
541 1037 596 1122 (N.
609 1029 650 1102 Η.
673 1037 861 1135 1V‚¹101.),
889 1037 995 1103 reato
1019 1041 1058 1122 (ο.
1078 1039 1137 1120 293
1160 1035 1245 1102 Hau

113 1149 167 1231 IV,
196 1151 265 1232 12).
309 1149 378 1217 Sed
412 1151 465 1216 hic
493 1153 583 1217 solus
615 1161 847 1217 commemorat
875 1152 1021 1217 Batavos
1052 1150 1245 1216 Chattorum

113 1263 267 1347 quondam
290 1263 447 1349 populum
477 1265 639 1330 seditione
662 1263 842 1330 domestica
870 1265 903 1328 in
931 1283 987 1328 eas
1016 1263 1114 1328 sedes
1136 1272 1247 1329 trans·

112 1395 238 1457 grossos
268 1395 363 1455 esse,
396 1377 427 1438 in
454 1375 572 1457 quibus
602 1395 680 1460 pars
701 1375 841 1441 Romani
868 1379 995 1461 imperii
1026 1377 1151 1440 flerent
1195 1373 1247 1438 Ac

110 1484 298 1551 monendum
323 1494 391 1566 est,
422 1485 582 1570 quidquid
609 1486 651 1550 de
674 1486 810 1550 Batavis
832 1485 917 1552 Hist.
942 1485 999 1566 IV,
1025 1489 1073 1550 12.
1096 1485 1247 1572 legimus,

111 1616 152 1658 ex
182 1594 290 1664 Germ.
313 1598 364 1662 29.
388 1596 536 1662 Tacitum
567 1600 755 1682 repetiisse:
787 1620 852 1682 quo
882 1620 968 1663 novo
999 1600 1118 1662 utimur
1146 1619 1248 1682 argu-

109 1717 215 1774 mento
236 1707 278 1774 ad
302 1711 486 1795 opinionem
509 1719 653 1774 nostram
669 1709 942 1786 confirmandum,
965 1710 1081 1774 librum
1105 1709 1146 1776 de
1159 1707 1248 1776 Ger-

109 1823 212 1885 mania
233 1824 389 1907 scriptum
412 1843 484 1886 oum
508 1823 650 1886 historiis
673 1823 775 1887 artius
799 1821 986 1888 cohaerere.

192 1949 295 2013 Porro
324 1972 411 2014 nova
439 1959 533 2032 sunt,
567 1971 651 2034 quae
681 1949 723 2014 de
752 1947 908 2012 Mattiacis
936 1970 964 2012 c.
987 1949 1037 2012 29.
1066 1946 1246 2012 traduntur·

110 2061 208 2126 Cuius
240 2063 346 2146 gentis
384 2083 425 2126 ne
455 2081 572 2126 nomen
601 2060 732 2144 quidem
764 2063 904 2124 occurrit
936 2063 999 2125 uisi
1030 2059 1117 2144 apud
1149 2081 1248 2122 unum

108 2171 258 2250 Plinium,
288 2173 343 2254 qui
373 2172 454 2237 haec
483 2179 610 2236 narrat:
645 2165 755 2253 „Sunt
786 2179 819 2235 et
840 2171 990 2234 Mattiaci
1016 2172 1049 2234 in
1072 2168 1248 2234 Germania

107 2284 214 2348 fontes
238 2283 333 2349 calidi
355 2292 446 2348 trans
468 2281 636 2362 Rhenum,
665 2304 803 2366 quorum
831 2282 969 2346 haustus
992 2280 1101 2346 triduo
1131 2281 1249 2363 fervet,

107 2398 192 2459 circa
214 2397 377 2481 margines
399 2416 479 2460 vero
502 2397 664 2480 pumicem
687 2395 813 2458 iaciunt
834 2392 959 2478 aquae“
986 2391 1249 2476 (MHXXXI,

107 2506 180 2590 20.)
233 2507 272 2570 In
302 2529 383 2593 agro
413 2506 570 2572 Mattiaco
607 2528 727 2593 specus
764 2504 961 2590 quaerendis
997 2507 1090 2570 venis
1122 2507 1271 2592 argenti.

106 2618 253 2682 reclusae
278 2627 370 2684 erant
392 2618 491 2702 (Anu.
513 2617 584 2700 XI,
608 2618 683 2700 20.)
716 2617 909 2701 Eademque
929 2639 1011 2703 gens
1034 2639 1106 2681 cum
1120 2615 1249 2682 Chattis

106 2739 138 2792 et
162 2728 276 2813 Usipis
299 2729 543 2814 Mogontiacum
567 2727 742 2793 obsederat
765 2727 837 2810 (IV,
861 2728 934 2808 37.)

191 2855 276 2920 Tum
294 2874 377 2921 unus
389 2857 525 2922 Tacitus
540 2875 631 2938 apros
651 2857 825 2922 decamatee
842 2859 987 2922 nominat
1009 2863 1050 2938 (c.
1063 2859 1143 2939 29.);
1166 2877 1250 2942 quos

103 2969 295 3034 Domitiano
321 2972 502 3054 imperante
523 2991 546 3034 a
567 2968 725 3035 Romanis
754 2959 908 3035 subactos
932 2990 1006 3036 esse
1029 2971 1099 3034 veri
1122 2970 1251 3035 similli-

101 3101 191 3144 mum
213 3079 352 3145 videtur.
583 3075 586 3080 ¹
664 3087 666 3092 ’

190 3207 335 3273 Perinde
357 3224 444 3273 nova
456 3203 635 3272 Chattorum
646 3217 698 3274 est
713 3208 891 3294 descriptio
903 3210 963 3294 (co.
976 3209 1027 3274 30.
1037 3209 1112 3275 31³.
1136 3208 1249 3274 Solum
1379 3223 1383 3234 ‘

100 3342 224 3384 noman
254 3322 436 3384 invenimus
466 3319 555 3405 apud
585 3318 766 3384 Saabooem
804 3319 904 3403 (VII,
929 3325 963 3403 1,
987 3321 1017 3386 3.
1046 3341 1077 3406 p.
1101 3321 1186 3401 291.)
1216 3329 1251 3386 et

101 3432 244 3495 Plinium
274 3430 331 3514 (N.
354 3430 396 3495 H.
424 3430 483 3514 IV,
507 3433 589 3512 100.)
621 3435 676 3516 qui
708 3431 848 3498 Chattos
877 3431 1092 3497 Hermionam
1123 3441 1249 3517 partem

101 3544 252 3610 exhibet.
297 3542 382 3607 Aun.
410 3540 522 3626 XIII,¹
546 3545 596 3608 57.
628 3544 762 3609 Tacitus
791 3542 880 3608 bello
910 3564 981 3608 cum
1011 3542 1250 3610 Hermunduris

100 3665 201 3741 gesto
227 3675 284 3719 eos
307 3653 455 3720 devictos
478 3675 551 3720 esse
574 3633 686 3722 refert.

192 3783 278 3848 Tum
304 3783 413 3868 Usipos
440 3793 474 3850 et
500 3785 665 3849 Tencteros
693 3788 738 3866 (a.
760 3787 825 3868 32.)
854 3807 920 3850 una
948 3807 1078 3872 semper
1107 3788 1252 3850 nominat

101 3894 228 3958 Caesar
250 3894 306 3970 (Β.
325 3892 365 3958 G.
388 3893 447 3976 IV,
472 3898 500 3958 1.
523 3897 552 3960 4.
578 3897 639 3975 16.)
661 3895 816 3979 idemque
838 3917 949 3962 eorum
974 3899 1154 3979 equitatum
1176 3896 1250 3960 lau-

98 4005 169 4070 dat.
197 4005 267 4071 Sed
276 4005 456 4092 Usiporum
479 4007 576 4070 sedes
593 4015 689 4071 antea
705 4007 958 4090 aTubantibus,
981 4027 1064 4091 quos
1077 4007 1251 4072 Tubattios

97 4127 203 4182 vocat
228 4116 338 4182 Strabo
361 4113 447 4200 (VH,
469 4120 498 4194 1,
511 4121 551 4182 ·4.
573 4139 605 4204 p.
618 4119 720 4200 292),
742 4128 817 4184 aute
840 4116 1009 4184 Tubantes
1032 4139 1052 4183 a
1074 4117 1251 4210 Chamavis

97 4229 211 4293 fuisse
234 4228 398 4294 habitatas
421 4251 504 4293 unus
528 4227 662 4294 Tacitus
685 4232 780 4294 testis
804 4237 855 4294 est
877 4223 1095 4311 (Ann'XnI,
1119 4227 1190 4310 55.).

192 4363 293 4443 Quod
315 4365 357 4432 de
380 4367 555 4445 Bructeris,
584 4387 668 4450 quos
697 4368 837 4430 maiores
861 4374 895 4430 et
916 4367 1058 4429 minores
1081 4365 1253 4452 distinguit

96 4476 229 4544 Strabo
253 4475 351 4563 (VII,
376 4482 406 4564 1,
428 4479 457 4544 3.
480 4500 512 4564 p.
537 4479 636 4563 291),Ι
658 4499 685 4541 c.
708 4477 950 4562 saumana,
979 4475 1171 4543 breviante
1192 4495 1252 4542 aas·

492 4618 495 4622 ,
1004 4589 1039 4642 5*
