3446 5380
1277 465 1354 575 aa

177 675 337 760 praedam
357 675 548 758 Aequorum
572 675 737 742 venditam
766 679 828 744 sub
850 679 944 744 hasta
966 701 987 744 a
1008 681 1141 746 consule
1167 684 1201 746 iu
1222 703 1319 746 aera-

177 791 262 854 rium
282 788 434 873 redigere
456 777 683 872 iubentur²⁵²).
728 789 795 856 Sed
817 809 859 858 ne
881 791 1009 875 longius
1029 795 1064 858 in
1086 795 1221 878 singulis
1242 798 1319 878 qui-

177 902 308 984 busque
329 899 556 969 enumerandis
577 904 741 984 immorer,
763 903 852 988 apud
873 903 1002 970 Livium
1021 914 1098 989 post
1116 906 1319 973 decemvira-

177 1021 249 1078 tum
276 1016 395 1080 aerarii
422 1023 546 1080 tantum
574 1023 786 1098 quaestores,
820 1024 897 1082 ante
927 1016 1182 1083 decemviratum
1212 1021 1320 1102 parri-

178 1124 256 1190 cidii
286 1134 412 1195 tantum
434 1136 628 1210 quaestores
655 1131 794 1194 inveniri
824 1138 948 1196 certum
980 1139 1039 1196 est.
1084 1131 1136 1196 De
1157 1133 1239 1196 mira
1259 1131 1321 1196 bac

176 1243 321 1306 muneris
349 1243 601 1306 commutatione
630 1241 672 1306 ab
694 1244 767 1326 ipso
789 1242 886 1309 Livio
910 1243 990 1310 nihil
1012 1243 1184 1324 docemur3
1212 1265 1321 1328 neque

176 1354 206 1416 is
235 1350 305 1416 ullo
333 1351 446 1433 addito
474 1353 637 1420 vocabulo
665 1356 782 1420 aerarii
812 1363 1006 1437 quaestores
1035 1377 1056 1420 a
1088 1355 1321 1438 quaestoribus

175 1461 346 1548 parricidii
366 1463 554 1550 distinguit,
588 1465 647 1530 sed
676 1473 850 1549 utrumque
879 1469 1106 1553 magistratum
1129 1489 1193 1534 uno
1215 1486 1321 1551 quae·-

176 1584 304 1643 storum
334 1579 470 1642 nomine,
490 1577 645 1662 appellat.
679 1577 801 1662 -Atque
834 1587 900 1644 tam
930 1579 1004 1646 illos
1034 1587 1229 1661 quaestores
1265 1582 1322 1662 qui

177 1697 256 1754 ante
279 1687 534 1755 decemviratum
564 1689 768 1775 publicorum
797 1686 1023 1758 accusatorum
1051 1713 1185 1758 munere
1219 1693 1322 1758 functi
1349 1729 1357 1747 ·

179 1809 289 1881 erant,
323 1821 422 1886 quam
443 1818 501 1871 eos
524 1806 580 1886 qui
605 1811 722 1888 postea
743 1807 905 1870 aerarium
933 1805 1223 1889 administrabant,
1260 1827 1321 1891 pro

178 1917 333 1980 continuo
357 1924 396 1978 et
412 1935 518 1980 annuo
539 1917 734 2000 magistratu
756 1916 880 1980 habuit.
911 1915 978 1984 Sed
1000 1937 1104 2001 aquo
1128 1927 1322 2001 quaestores

179 2029 282 2092 creati
318 2028 401 2106 sint,
430 2048 506 2100 ‚non
537 2035 787 2110 commemorat;
827 2047 890 2092 uec
924 2029 1111 2100 dubitamus
1145 2032 1224 2112 quin
1263 2050 1322 2096 coa

181 2159 311 2223 sempor
334 2159 355 2204 a
375 2138 498 2223 populo
521 2145 650 2208 creatos
673 2159 746 2204 esse
769 2141 1007 2206 existimaverit
1021 2137 1082 2220 ²⁵³).

265 2250 319 2318 Ao
340 2269 401 2334 pro
423 2271 488 2316 uno
510 2252 702 2334 magistratu
720 2251 936 2335 et·parrieidii
948 2260 981 2316 et
997 2255 1115 2326 aerarii
1128 2235 1322 2336 quaestores

187 2361 276 2428 Livio
299 2361 404 2429 fuisse
425 2382 534 2446 neque
556 2381 647 2442 vero,
669 2381 736 2445 quo
757 2361 856 2428 modo
871 2362 937 2428 duo
952 2385 1087 2432 munera
1101 2363 1324 2430 diversissima

181 2475 213 2536 in
235 2491 303 2536 uuo
323 2481 424 2555 atque
447 2472 563 2542 eodem
589 2475 783 2558 magistratu
806 2475 1090 2560 coniungerentur,
1112 2465 1219 2560 ipsuin
1242 2478 1323 2542 satis

182 2605 315 2650 curasse
338 2586 409 2649 veri
429 2583 626 2652 simillimum
649 2593 709 2650 est.
753 2583 871 2667 Neque
894 2607 967 2652 eum
990 2586 1031 2652 dc
1054 2585 1231 2670 quaestura
1246 2597 1323 2652 ants

182 2697 321 2762 liberam
340 2715 408 2760 rem
431 2695 595 2780 publicam
625 2699 775 2762 instituta
804 2696 982 2780 quidquam
1005 2701 1139 2766 novisse
1159 2719 1324 2764 memora-

182 2807 240 2873 bili
268 2805 327 2871 illa
356 2809 501 2874 oratione
524 2827 545 2874 a
567 2806 724 2875 Canuleio
753 2810 987 2875 ancoratu.
1012 2809 1087 2878 Chr.
1111 2812 1223 2877 habita
1243 2833 1324 2896 pro-

182 2920 297 3000 betur,
326 2923 359 2986 in
389 2941 456 3003 qua
477 2920 618 2989 honores
640 2921 871 3004 institutaque,
905 2943 972 3005 qno
994 2923 1109 2988 ordine
1128 2923 1269 2993 subinde
1291 2927 1324 2990 iu

182 3053 250 3097 rem
273 3031 438 3116 publicam
461 3031 595 3095 inducta
613 3034 689 3112 sint,
711 3041 802 3096 recte
827 3042 1066 3112 enumerantur,
1087 3035 1324 3119 scilicetpau-
1435 3023 1439 3037 ¹

182 3144 297 3224 tificcs,
320 3164 478 3228 augures,
502 3163 620 3210 census
642 3146 827 3210 incivitate
851 3153 884 3210 et
906 3143 1083 3228 descriptio
1106 3149 1323 3212 cenurriarum

183 3255 402 3338 classiumque
434 3255 477 3320 ab
511 3253 629 3321 Servio
658 3255 766 3320 Tullio
792 3256 899 3337 tacta,
934 3255 1103 3339 consulas,
1136 3256 1324 3341 dictatores,

182 3369 304 3433 tribuni
327 3368 444 3452 plebis,
467 3367 609 3450 aediles3
640 3376 708 3431 tum
730 3367 813 3432 baec
834 3368 880 3431 ibi
903 3367 1072 3454 leguntur:
1104 3377 1325 3453 ,quaestores

182 3479 261 3543 nulli
285 3487 392 3552 erant:
421 3481 604 3543 institutum
628 3487 695 3561 est,
717 3486 754 3543 ut
776 3480 910 3543 fierent“
927 3477 989 3559 ²⁶¹).
1034 3481 1240 3545 Postremum
1264 3479 1325 3546 de-

183 3593 343 3656 cemviros
372 3589 562 3656 Canuleius.
585 3591 740 3676 appellat.
783 3591 848 3656 Hic
881 3593 992 3656 statim
1027 3613 1198 3659 monemus
1226 3581 1324 3657 etiam

183 3704 399 3788 Pomponium
423 3702 539 3768 eodem
570 3702 682 3768 ordine
712 3706 923 3789 magistratus
953 3726 1144 3772 enumerare
1166 3705 1326 3771 emrdem-

184 3837 248 3898 que
272 3823 469 3898 quaesturae
486 3819 641 3900 originem
654 3817 739 3880 inter
750 3813 874 3880 aediles
888 3824 921 3880 ct
936 3816 1141 3884 decemviros
1153 3815 1324 3882 collocare.

200 3981 203 3990 ,
268 3911 383 3991 Livius
406 3930 505 4012 igitur
527 3937 561 3994 et
582 3929 783 4012 Pomponius
813 3931 917 3992 serius
939 3936 1135 4012 quaestores
1154 3931 1323 4038 institut&
1375 4019 1378 4025 ι

184 4055 258 4100 esse
280 4037 428 4102 referunt
450 4058 547 4121 quam
569 4038 714 4104 Zonaras
738 4047 771 4104 et
793 4039 1000 4119 Plutarchus.

926 4216 1315 4226 -ή-ψς-Ἥ--ω-

271 4313 614 4382 mmmmum

271 4409 499 4476 mmmm

271 4505 426 4572 mma
