3530 5374
372 482 412 544 12

457 655 661 738 Quamquam
679 654 787 718 studia
798 654 905 718 Taciti
918 653 1075 733 oratoria,
1097 650 1347 735 qualiacumque
1365 654 1507 734 fuerunt,

370 771 501 848 praeter
523 787 621 829 unum
644 764 808 850 dialogum
830 762 1080 842 interciderunt,
1111 772 1219 826 tamen
1241 766 1314 848 ipso
1337 763 1400 828 hoc
1422 764 1507 828 libra

369 895 430 960 per
451 895 489 940 se
511 878 591 940 satis
606 876 830 955 confirmatur,
854 881 992 938 austrum
1006 880 1163 938 auctorem
1178 873 1366 956 Quintiliana
1379 883 1507 956 rectore,

370 993 407 1050 ut
432 1007 531 1071 supra
553 989 750 1069 monuimus,
775 989 946 1070 perfectam
969 987 1044 1049 artis
1066 986 1237 1050 rhetoricae
1259 989 1431 1052 matema
1451 988 1509 1052 sibi

371 1117 565 1181 comparasse
577 1096 627 1182 17).
644 1143 645 1150 1

456 1225 507 1290 Ao
528 1227 666 1310 primum
686 1235 722 1291 ut
735 1226 952 1306 Quintilianus
974 1235 1088 1292 contra
1110 1249 1190 1292 suae
1212 1230 1330 1292 aetatis
1348 1227 1508 1310 eloquen-

371 1337 448 1400 tiam
471 1335 620 1402 dulcibus
642 1339 730 1402 vitiis
753 1337 908 1419 fractam,
931 1339 1023 1402 cuius
1046 1340 1256 1422 praecipuum
1278 1345 1508 1422 propugnato-

370 1467 438 1511 rem
461 1446 619 1513 Senecam
643 1469 716 1514 esse
744 1447 883 1530 iudicat,
912 1451 1044 1514 summis
1069 1449 1193 1512 viribus
1223 1449 1379 1512 obnititur
1400 1465 1507 1531 neque

371 1559 466 1624 aliter
482 1577 552 1623 eam
574 1563 637 1624 nisi
657 1563 806 1646 repetitis
823 1564 1027 1645 superiorum
1045 1569 1229 1644 temporum
1245 1561 1375 1644 optimis
1394 1581 1508 1624 exem-

370 1671 435 1757 plis
472 1671 635 1736 emendari
670 1693 770 1757 posse
799 1673 990 1736 arbitratur:
1028 1675 1074 1735 ita
1104 1671 1238 1736 Tacitus
1274 1692 1394 1736 novum
1428 1671 1509 1736 illud

373 1781 502 1848 dicendi
530 1804 634 1869 genus
663 1785 732 1847 acri
760 1783 869 1847 studio
892 1791 1062 1868 oppugnat
1087 1804 1127 1846 ac
1148 1803 1241 1846 suam
1264 1785 1443 1847 orationem
1466 1783 1509 1848 ad

367 1883 540 1960 ¹Ciceronis
568 1897 710 1960 maxime
741 1894 909 1979 exemplar
937 1895 1079 1959 formare
1109 1894 1284 1959 contendit.
1329 1895 1417 1960 Inde·
1442 1895 1509 1958 stili

373 2008 442 2071 eius
473 2028 545 2070 cnm
569 2006 768 2086 Quintiliano
791 2006 965 2072 similitudo
997 2007 1197 2092 explicatur,
1227 2028 1311 2090 qnae
1333 2014 1425 2071 tanta
1447 2014 1507 2087 est,

372 2126 408 2182 ut
429 2118 484 2182 vel
503 2119 634 2203 Lipsius
650 2117 687 2202 ¹⁸)
710 2140 752 2182 an
775 2119 938 2203 dialogum
951 2119 1151 2198 Quintiliano
1173 2119 1333 2182 tribueret
1355 2120 1388 2180 in
1411 2114 1508 2181 dubi-

371 2232 528 2296 tationem
559 2230 785 2298 adduceretur.
822 2229 981 2294 'Enndem
1013 2239 1122 2295 autem
1153 2229 1358 2294 emendatum
1381 2250 1508 2294 sermo-

372 2345 566 2407 nemetiam
593 2342 681 2427 apud
704 2342 844 2406 Plinium
872 2345 1027 2406 minorem
1050 2344 1266 2427 agnoscimus.
1310 2331 1415 2421 Quem
1439 2343 1466 2405 si
1489 2362 1508 2403 a

373 2452 571 2532 Quintiliano
601 2455 781 2517 institutum
806 2473 879 2517 esse
894 2451 937 2534 ¹⁹)
970 2454 1039 2516 sine
1070 2452 1137 2515 ulla
1167 2451 1368 2516 dubitatione
1399 2461 1506 2514 mente

372 2549 565 2646 retinemus,
601 2563 754 2647 permulti
782 2565 815 2626 in
843 2562 990 2648 epistolis
1013 2565 1083 2627 eius
1113 2562 1192 2644 loci,
1222 2563 1340 2646 quibus
1362 2564 1506 2626 intimam

373 2693 445 2736 oum
468 2672 583 2738 Tacito
614 2676 786 2738 amicitiam
815 2674 996 2739 studiorum
1019 2674 1218 2757 aequalitate
1244 2675 1277 2736 in
1300 2675 1411 2758 primis
1434 2693 1508 2738 esse

372 2785 549 2849 stabilitam
570 2784 773 2872 apparet²⁰)‚
797 2785 883 2850 haud
905 2788 974 2850 scio
997 2808 1039 2850 an
1059 2785 1181 2849 nullam
1203 2785 1299 2848 abans
1321 2784 1507 2878 conclusio-

371 2916 446 2960 nem
461 2895 635 2960 admittant
657 2917 753 2979 quam
775 2899 881 2981 ipsum
897 2917 1029 2981 quoque
1041 2896 1189 2960 Tacitum
1201 2895 1390 2974 Quintiliani
1406 2895 1508 2960 disci-

371 3005 484 3092 pulum
506 3008 617 3072 fuisse.

372 3319 461 3370 colam
479 3319 523 3370 vel
541 3317 712 3371 Germaniam
730 3322 806 3370 tauta
822 3317 911 3370 laudis
935 3319 1127 3384 exsuperantia
1150 3333 1203 3368 non
1221 3318 1344 3382 quadrat.
1379 3319 1507 3368 Fortasse

373 3411 553 3472 Quintilianus
576 3412 690 3464 Fabium
713 3413 856 3464 Rusticum
879 3415 1001 3477 respexit
1018 3407 1164 3480 (Nipperd.
1186 3411 1203 3461 l.
1222 3412 1239 3461 l.
1258 3426 1284 3476 p.
1302 3409 1432 3477 XXIII.);
1459 3410 1508 3461 sed

373 3512 477 3557 certum
494 3507 624 3558 indictum
642 3509 694 3559 hac
711 3509 746 3560 de
764 3524 794 3560 re
813 3509 879 3559 ferri
895 3511 996 3572 nequit

461 3627 493 3694 ¹⁷)
512 3627 547 3682 A.
560 3625 674 3682 Gerbert'
688 3634 944 3701 commentationem
964 3620 1014 3702 fide
1032 3629 1127 3681 Tacito
1145 3645 1235 3680 rerum
1253 3631 1383 3696 scriptore
1402 3625 1508 3692 qualern

372 3725 473 3776 bonum
492 3730 627 3777 oratorem
646 3729 788 3791 requisivit
806 3723 1004 3787 Quintilianus“
1039 3725 1204 3776 Leutsohau.
1233 3725 1308 3775 1861.
1332 3724 1356 3772 4.
1380 3721 1509 3788 indagare

373 3836 426 3870 non
448 3823 533 3886 potui.
569 3819 721 3871 walffitnio
738 3825 808 3872 teste
826 3821 856 3885 (i.
874 3821 891 3870 l.
910 3835 935 3885 p.
956 3820 1026 3885 129.)
1046 3820 1092 3870 ille
1116 3833 1230 3870 exorsus
1249 3819 1282 3869 ab
1307 3819 1432 3883 opinione
1451 3819 1510 3866 sveri

373 3913 453 3964 simili
471 3915 510 3982 (1)
529 3918 616 3967 virum
634 3916 805 3967 saeculorum
823 3919 952 3965 memoria
969 3915 1097 3980 dignum,
1115 3929 1195 3979 quern
1213 3913 1308 3964 laudat
1326 3911 1508 3974 Quintilianus

372 4008 450 4076 Χ,1,
466 4011 525 4074 104,
544 4009 669 4060 Tacitum
688 4025 748 4061 esse
766 4007 988 4074 intellegendum,
1006 4007 1190 4058 demonstrare
1203 4013 1316 4059 conatur
1328 4007 1509 4057 elocutionem

372 4101 462 4155 Taciti
479 4104 561 4156 talem
580 4119 640 4155 esse
659 4103 764 4170 qualem
783 4119 800 4154 a
817 4104 888 4155 bono
908 4107 1014 4154 oratore
1033 4104 1215 4164 Quintilianus
1234 4103 1422 4169 postulaverit

460 4223 494 4290 ¹⁸)
513 4223 617 4292 „Stilus
635 4225 694 4289 ipse
711 4223 793 4288 plane
810 4223 959 4290 geminus.“
978 4221 1110 4288 Antvarp.
1130 4223 1205 4274 1648.
1223 4237 1250 4286 p.
1269 4223 1328 4272 470.

459 4340 493 4408 ¹')
511 4341 585 4397 Plira
603 4344 671 4409 Epp.
691 4344 727 4410 11,
747 4345 793 4408 143
811 4345 859 4410 vi,
877 4348 901 4396 6.

460 4463 494 4530 ”)
511 4461 1125 4531 ib.1‚u;1,ao;11,1;1v,1a;vn‚ao;
1153 4463 1227 4528 vui,
1247 4465 1275 4524 ῖς
1297 4461 1349 4528 ΙΧ,
1366 4465 1398 4513 10
1416 4465 1466 4512 eto
