3530 5374
814 1487 817 1492 ,
911 1381 988 1478 ΠΙ.

443 1599 579 1696 Quam
614 1599 856 1680 doctrinam
880 1595 944 1678 'in
979 1599 1095 1680 libro
1133 1601 1186 1679 de
1223 1598 1455 1680 Germania
1494 1595 1500 1612 ‘

639 1729 804 1831 scripto
833 1729 1041 1808 exhibeat
1069 1730 1260 1810 Tacitus.

871 1982 1005 2014 ....,000.-

465 2230 567 2297 Liber
585 2230 626 2299 de
645 2231 822 2298 Germania
838 2237 979 2317 scriptus
1001 2235 1087 2296 iuter
1108 2232 1264 2297 historica
1276 2233 1382 2297 Taciti
1401 2236 1523 2317 scripta

383 2347 479 2409 etiam
502 2349 606 2431 magis
631 2367 735 2428 quam,
746 2344 901 2430 Agricola
923 2344 1121 2429 singularem
1146 2344 1307 2426 quendam
1331 2344 1438 2409 locum
1461 2345 1523 2409 ob-

380 2459 481 2536 tinet,
509 2465 577 2519 tum
601 2455 690 2539 quod
713 2464 866 2518 nontam
889 2477 943 2518 res
966 2464 1079 2539 gestae
1102 2464 1273 2519 narrantur
1295 2477 1392 2539 quam
1415 2466 1523 2520 terrae

379 2575 561 2652 gentesque
592 2566 838 2648 describuntur,
877 2574 944 2631 tum
970 2566 1058 2649 quod
1085 2576 1118 2630 et
1140 2576 1298 2632 terrarum
1324 2570 1521 2651 algentium

379 2676 506 2741 illarum
529 2685 645 2741 natura
667 2699 687 2740 a
707 2677 928 2742 Romanorum
952 2682 1058 2763 patria
1080 2702 1119 2743 ac
1142 2680 1286 2744 moribus
1310 2682 1440 2744 omnino
1472 2687 1523 2742 est

380 2785 519 2850 diversa.
550 2787 601 2850 Ac
619 2785 805 2852 Germanici
828 2792 860 2852 in
886 2793 998 2874 primis
1018 2793 1220 2876 grammatici
1243 2811 1372 2874 semper
1393 2789 1435 2854 ad
1459 2811 1534 2852 ex·-

380 2897 665 2962 cutiendumillum
679 2899 797 2964 librum
812 2901 1054 2982 alliciebantur3
1076 2922 1184 2984 neque
1198 2923 1276 2965 vero
1288 2901 1330 2964 de
1340 2900 1407 2964 ullo
1417 2901 1523 2964 Taciti

378 3009 462 3073 libro
486 3009 652 3074 hominum
676 3010 845 3075 doctorum
870 3014 1039 3096 opiniones
1063 3014 1168 3095 magis
1193 3014 1276 3075 inter
1298 3033 1334 3076 se
1358 3010 1521 3076 differunt

463 3120 532 3185 Iam
564 3124 648 3186 enim
681 3142 736 3184 cur
763 3122 888 3185 Tacitus
910 3124 947 3185 de
973 3123 1141 3186 Gerasaaiu
1168 3125 1337 3206 scripserit,
1372 3124 1427 3186 alii
1456 3124 1521 3188 alio

378 3232 475 3297 modo
505 3233 734 3318 explicuerunt
754 3231 813 3316 ¹²⁰).
860 3232 927 3298 Sed
964 3236 992 3296 is
1022 3233 1102 3317 Agr.
1134 3233 1163 3296 3.
1202 3233 1356 3298 historiae
1389 3255 1521 3298 suorum

377 3352 561 3427 temporum
595 3342 839 3426 componendae
878 3342 1046 3407 consilium
1081 3363 1118 3404 se
1151 3344 1279 3424 cepisse
1316 3341 1437 3406 indicat
1455 3340 1521 3425 '²');

378 3453 467 3537 quod
499 3451 542 3516 ad
575 3453 652 3516 nihil
682 3453 770 3517 aliud
807 3457 868 3518 uisi
904 3453 1111 3517 historiarum
1144 3451 1321 3516 editionem
1356 3456 1520 3538 pertinere

377 3571 497 3648 potest.
531 3562 634 3645 Atqui
654 3555 878 3644 Germaniam,
909 3567 999 3628 cuius
1022 3567 1054 3627 in
1076 3563 1233 3650 Agricola
1256 3587 1296 3628 ne
1319 3565 1421 3629 verbo
1445 3566 1521 3648 qui-

378 3674 452 3738 dem
485 3678 606 3762 mentio
645 3677 791 3756 inicitur,
831 3676 929 3760 paulo
969 3685 1045 3760 post
1064 3676 1242 3762 Agricolae
1274 3679 1375 3742 vitam
1404 3678 1520 3743 eodem

377 3805 462 3848 anno
487 3787 536 3848 98.
565 3806 596 3869 p.
620 3785 695 3850 Chr.
726 3807 798 3850 esse
830 3788 983 3870 scriptam
1003 3785 1070 3868 ¹²²),
1104 3787 1257 3851 historias
1286 3797 1401 3852 contra
1428 3811 1521 3853 eom-

376 3896 525 3981 pluribus
548 3899 640 3961 annis
662 3900 840 3962 interiectis
864 3902 896 3961 in
918 3898 1023 3962 lucem
1047 3901 1183 3963 emissas
1206 3919 1266 3982 pro
1284 3907 1374 3962 certo
1391 3903 1520 3964 scimus.

870 4083 1065 4090 -----—-—----
1077 4084 1125 4089 --—
1130 4084 1220 4089 -------
1235 4084 1274 4089 ---
1279 4083 1352 4089 -———-
1357 4084 1378 4089 -
1400 4084 1412 4089 -
1418 4085 1519 4094 --.—....

465 4190 509 4255 ¹²⁰)
527 4191 626 4241 Varias
644 4191 678 4241 de
697 4206 730 4241 es
747 4205 776 4240 rs
794 4194 942 4242 sententias
962 4191 1025 4241 vide
1044 4191 1117 4256 apud
1128 4188 1268 4242 Haaslum
1279 4191 1323 4240 l.l.
1336 4207 1361 4255 p.
1374 4191 1447 4244 XIX
1462 4207 1518 4258 sqq.

463 4283 507 4351 ¹²¹)
526 4284 593 4354 Apr.
611 4287 644 4337 3:
669 4285 746 4341 „Nou
764 4291 853 4336 tamen
877 4286 1005 4352 pigebit.
1025 4324 1030 4335 .
1049 4323 1055 4336 .
1075 4288 1231 4340 memoriam
1254 4289 1353 4351 prioris
1377 4289 1518 4338 servitutis

378 4394 410 4428 ac
428 4382 611 4428 testimonium
629 4382 812 4443 praesentium
831 4381 962 4430 bonorum
981 4382 1175 4444 composuisse.
1193 4377 1356 4430 hiciatera'm
1370 4379 1456 4430 libcr¹⁴
1467 4385 1517 4430 etc.

463 4471 507 4537 ¹²²)
526 4472 557 4522 ld
577 4474 676 4524 exilio
694 4475 756 4524 loco
775 4471 863 4526 Germ.
883 4474 925 4524 37.
945 4474 1049 4524 elucet:
1069 4472 1172 4528 „altero
1191 4473 1302 4523 Traiani
1320 4474 1489 4526 consulatur⁴
