3530 5374
365 497 408 558 44

366 666 444 731 licet
466 668 620 752 colligere
638 667 696 746 ¹¹⁰).
732 667 882 749 Aedificia.
904 669 1144 747 Britannorum,
1167 677 1203 732 ut
1228 669 1345 732 Cacsar
1366 677 1508 734 testatur

365 779 419 858 (Β.
441 779 481 844 G.
505 779 547 861 V,
572 782 637 862 14.)
657 781 729 846 fere
754 781 889 845 Gallicis
920 781 1098 860 consimilia
1128 790 1237 862 erant3
1268 802 1308 844 ac
1338 783 1408 846 sine
1434 788 1507 845 arte

365 891 458 976 ligno
480 913 519 956 ea
540 893 644 956 fuisse
667 901 854 958 constructa
877 892 1078 956 etDt'odorua
1100 892 1155 974 (V,
1173 894 1234 970 21.)
1257 902 1289 956 et
1302 891 1414 956 Strabo
1435 890 1507 972 (IV,

370 1003 398 1066 5.
423 1005 450 1065 2.
470 1024 502 1088 p.
526 1003 609 1086 200.)
633 1005 807 1068 affirmant.
1401 1037 1404 1042 ,

452 1114 535 1178 Tum
559 1114 601 1179 de
623 1117 819 1180 matrimonio
836 1115 916 1180 nihil
926 1114 1015 1201 apud
1024 1115 1173 1181 Tacitum
1189 1121 1360 1204 reperitur.
1384 1118 1508 1184 Verum

367 1226 457 1311 quod
482 1225 600 1290 Caesar
621 1228 737 1292 tradit:
770 1227 928 1311 ,Uxores
951 1228 1074 1292 habent
1096 1229 1171 1293 deni
1193 1229 1402 1315 duodenique
1424 1235 1508 1296 iuter

366 1360 402 1402 se
425 1319 614 1402 communes
638 1347 672 1402 et
693 1341 834 1402 maxime
857 1339 977 1404 fratros
1007 1360 1078 1402 cum
1108 1341 1264 1406 fratribus
1286 1351 1507 1428 parentesque

366 1465 440 1513 cum¹
462 1449 589 1532 liberis;
613 1447 673 1513 sed
696 1451 752 1532 qui
775 1458 850 1514 sunt
873 1471 915 1512 ex
928 1450 978 1514 his
996 1451 1208 1540 natineorum
1227 1451 1388 1516 habentur
1403 1430 1507 1536 liberi,

366 1583 432 1646 quo
453 1563 593 1648 primum
614 1563 707 1645 virgo
731 1582 888 1652 quaeque
906 1560 1047 1626 deducta
1067 1562 1136 1626 est“
1154 1561 1204 1642 (B.
1216 1562 1256 1627 G.
1267 1562 1309 1642 V,
1324 1565 1399 1646 14),
1421 1563 1508 1630 idem

365 1674 436 1739 fere
458 1672 561 1737 multo
578 1682 655 1758 post
676 1695 696 1738 a
715 1672 821 1738 Cossio
833 1675 934 1737 Dione
946 1695 1078 1758 quoque
1090 1675 1232 1740 refertur
1243 1673 1424 1758 (LXXVI,
1438 1677 1508 1758 12).

452 1785 581 1850 Deinde
605 1785 670 1849 duo
693 1795 818 1850 tantum
842 1786 919 1867 loci,
952 1787 1070 1870 quibus
1093 1787 1134 1850 de
1158 1788 1354 1870 relipt'oaa'bus
1375 1788 1509 1854 Britan-

366 1918 479 1962 norum
509 1900 632 1990 agitur,
665 1897 754 1982 apud
785 1897 936 1962 Tacitum
960 1907 1109 1964 exstant:
1143 1899 1227 1964 alter
1248 1899 1329 1986 Agr.
1354 1902 1420 1980 11.,
1453 1900 1510 1967 ubi

367 2029 423 2073 eas
455 2029 498 2072 ex
530 2007 638 2072 Gallia
666 2010 699 2070 in
729 2009 930 2073 Britanniam
963 2010 1069 2074 ‘fuisse
1099 2009 1274 2076 translatas
1314 2010 1509 2091 arbitratur3

366 2121 450 2202 alter
472 2120 556 2183 Anu.
580 2119 677 2201 XIV,
701 2123 763 2202 30,
794 2121 851 2184 ubi
874 2120 1007 2186 druides
1029 2130 1321 2186 commemoratae
1343 2121 1385 2186 de
1408 2124 1509 2186 sacris

366 2230 449 2295 haec
470 2229 599 2296 scribit:
626 2231 760 2316 ,Excisi
783 2232 847 2296 luci
871 2235 978 2296 saevis
1002 2233 1289 2319 superstitionibus
1311 2234 1412 2322 sacri:
1435 2253 1509 2296 uam

366 2365 481 2407 cruore
504 2345 634 2427 captivo
658 2343 791 2408 adolere
813 2365 887 2408 aras
907 2351 940 2407 et
959 2344 1128 2408 hominum
1138 2344 1229 2408 fibris
1245 2344 1416 2410 consulere
1428 2344 1509 2409 deos

365 2454 417 2520 fas
441 2453 638 2520 habebant.“'
659 2455 845 2538 Utrumque
858 2456 1005 2524 similiter
1021 2457 1118 2520 otiam
1131 2457 1251 2519 Plinius
1266 2456 1319 2538 (N.
1332 2457 1374 2519 H.
1385 2455 1508 2537 XXX,

368 2566 431 2648 13.)
452 2575 572 2640 narrat.
620 2566 743 2632 Contra
768 2565 895 2646 Caesar,
918 2569 973 2650 qui
996 2566 1094 2632 BG.
1118 2567 1176 2648 VI,
1202 2569 1324 2652 13sqq.
1350 2568 1391 2632 de
1414 2569 1506 2632 drui-

314 2655 315 2662 .
365 2675 442 2740 dum
465 2676 637 2762 disciplina
659 2681 793 2763 copiose
817 2679 967 2762 disserit,
1000 2701 1070 2745 eam
1097 2683 1130 2742 in
1151 2679 1319 2744 Britannia
1341 2689 1505 2766 repertam

364 2795 464 2872 atque
487 2791 521 2851 in
543 2786 683 2853 Galliam
706 2790 896 2856 translatam
921 2813 993 2856 esse
1017 2793 1198 2874 existimat,
1231 2794 1343 2876 etqui
1366 2791 1505 2880 diligen·

364 2901 429 2962 tius
452 2920 524 2963 eam
546 2921 616 2964 rem
645 2923 845 2988 cognoscere
873 2903 1052 2984 voluerint,
1087 2906 1185 2968 etiam
1215 2912 1284 2968 tum
1313 2903 1505 2988 plerumque

364 3009 420 3074 illo
444 3009 592 3075 discendi
615 3033 714 3076 eausa
734 3014 904 3098 profectos
927 3035 1002 3078 esse
1024 3012 1199 3078 adseverat
1222 3013 1325 3096 (BG.
1348 3013 1407 3094 VI,
1431 3013 1505 3098 13.).

451 3121 560 3186 Etiam
592 3142 659 3186 rem
687 3125 851 3187 militarem
879 3124 1109 3189 Britannorum
1140 3124 1275 3190 Tacitus
1309 3126 1359 3190 his
1392 3125 1505 3210 paucis

364 3234 475 3300 verbis
497 3234 658 3300 absolvit:
683 3235 742 3318 „In
763 3235 876 3320 pedite
887 3233 1003 3312 robur:
1027 3234 1188 3320 quaedam
1198 3237 1347 3301 nationes
1364 3244 1398 3301 et
1409 3256 1505 3301 curru

363 3345 576 3430 proeliantur.
597 3348 766 3414 honestior
777 3349 901 3434 auriga,
925 3347 1062 3413 clientes
1083 3349 1312 3434 propuguaut“
1326 3348 1420 3434 (Agr.
1433 3349 1506 3428 12).

365 3455 433 3523 Sed
456 3462 637 3541 equitatum
660 3481 792 3544 quoqne
814 3459 990 3526 Britannos
1011 3461 1044 3522 in
1066 3461 1170 3524 aciem
1193 3458 1329 3526 duxisse
1351 3459 1507 3524 docemur

364 3568 449 3632 Anu.
473 3567 570 3649 XIV,
593 3570 652 3634 34:
687 3568 937 3652 „Britannorum
972 3572 1087 3654 copiae
1116 3572 1239 3655 passim
1267 3590 1327 3655 per
1355 3579 1506 3635 catervas

365 3689 399 3746 ct
420 3688 544 3744 turmas
567 3682 808 3749 exsultabant.“
835 3681 962 3759 Quibus
984 3683 1082 3746 armis
1101 3681 1149 3745 illi
1168 3685 1219 3746 usi
1234 3684 1309 3762 siut,
1333 3702 1375 3744 ex
1390 3677 1505 3745 Tacito

365 3792 520 3878 cognosci
543 3809 608 3851 non
630 3794 757 3871 potest;
791 3806 865 3848 nam
893 3783 927 3847 id
959 3806 1054 3847 unum
1079 3784 1176 3862 dicit,
1210 3784 1297 3868 apud
1329 3805 1387 3848 eos
1417 3784 1507 3848 nulla

365 3903 536 3966 loricarum
561 3899 771 3984 galearumve
793 3899 938 3983 tegmina
961 3897 1064 3961 fuisse
1087 3896 1186 3976 (Anu.
1209 3895 1291 3980 XII,
1314 3897 1388 3980 35.).

736 4091 1109 4102 -—--·-—---—--—-....-
1401 4089 1502 4102 φ...-

451 4191 496 4261 ¹¹⁰)
521 4189 596 4248 Wac.
615 4207 640 4258 p.
651 4195 717 4244 249:
737 4191 922 4249 „Luculentus
941 4196 968 4244 in
984 4193 1038 4244 hac
1054 4208 1085 4244 re
1098 4191 1247 4244 Iornandes
1266 4192 1299 4242 de
1317 4191 1374 4242 reb.
1383 4190 1506 4242 (institit

364 4307 389 4356 p.
409 4292 450 4343 81.
475 4289 517 4340 ed.
536 4285 680 4338 Lindcnbr.
704 4290 751 4353 qui
772 4293 917 4354 postquam
940 4285 1064 4341 tradidit:
1092 4285 1245 4343 „Silurum
1268 4286 1383 4336 colorati
1403 4288 1506 4351 vultus,

363 4389 436 4436 torto
452 4384 577 4448 plerique
594 4385 668 4434 crine
686 4386 715 4433 st
731 4385 808 4448 nigro
826 4383 1019 4448 nascuntur““,
1038 4380 1134 4432 deiude
1152 4385 1296 4446 praeterea
1312 4381 1409 4432 refert:
1435 4380 1503 4444 „ob

365 4477 490 4528 decorem
509 4479 601 4526 neceto
621 4491 655 4526 an
674 4477 755 4526 aliam
774 4476 808 4526 ob
827 4488 953 4526 caussam
971 4473 1043 4524 ferro
1061 4477 1177 4538 pingant
1194 4482 1351 4537 corporum*
