3484 5374
363 454 404 526 st

362 654 435 719 opos
456 640 603 699 orraarsm
622 635 724 718 potius
743 654 835 718 quom
854 639 1010 716 auqoroat.
1032 633 1128 700 isdem
1137 654 1246 698 ruraos
1260 635 1394 716 oostiqiis
1411 634 1502 698 situm

363 753 422 826 ost,
451 751 615 828 postquam
641 747 799 810 interiecto
828 747 1121 830 quadriopontorum
1148 747 1320 830 qaindecim
1351 766 1501 818 annerum

361 859 461 942 spatio
491 857 527 921 12.
550 853 693 941 Scipione
726 855 760 922 0.
777 855 931 922 ‘Norbano
962 858 1135 923 maasiae
1156 859 1360 939 flaqraoorat.
1395 877 1503 921 meram

361 971 458 1034 uictor
470 968 557 1035 Sutia
574 971 713 1054 suscepit,
735 988 833 1054 nequo
849 977 951 1034 tamen
973 971 1144 1036 dedicarit:
1165 971 1222 1034 troc
1242 969 1342 1035 sotum
1357 969 1504 1052 felicitati

362 1084 428 1146 aaa
448 1089 600 1164 scopatum.
630 1082 747 1146 Instatii
761 1079 862 1146 Gotati
882 1103 994 1146 nomen
1014 1085 1096 1147 inter
1118 1089 1204 1162 tanta
1216 1081 1384 1146 Caesarum
1407 1102 1501 1166 opero

361 1213 456 1278 usquo
479 1195 521 1258 aci
548 1193 697 1257 Vitellium
717 1195 838 1257 manat.
861 1215 899 1256 oo
922 1201 992 1258 tune
1014 1196 1107 1260 aedas
1130 1195 1355 1258 eremaoatorf‘
1369 1193 1426 1278 ¹⁸²)

446 1323 516 1387 Iam
538 1322 667 1408 singula
698 1343 850 1406 quaeque
873 1344 938 1407 quo
969 1324 1066 1388 modo
1089 1345 1162 1388 oum
1193 1324 1393 1407 reliquorum
1421 1342 1503 1386 auc-

361 1443 466 1498 torum
489 1436 673 1498 narratione
697 1443 877 1518 congruant
900 1441 957 1526 aut
980 1433 1178 1520 discrepent,
1203 1437 1435 1500 examinemus.

450 1563 558 1628 Cicero
580 1567 679 1650 igitur
701 1563 913 1649 Tarquinium
926 1566 1075 1631 Priscum
1097 1567 1229 1629 vovisse
1251 1574 1377 1630 tantum
1399 1564 1504 1629 refert

360 1677 448 1742 bello
472 1675 595 1754 Sabino
616 1680 649 1742 iu
672 1680 745 1762 ipsa
768 1699 879 1764 pugna
901 1678 1018 1744 aedem
1040 1680 1072 1742 in
1095 1675 1260 1762 Capitolio
1281 1676 1354 1743 Iovi
1369 1677 1502 1764 Optimo

360 1790 508 1854 Maximo
530 1791 713 1855 faciendam
731 1789 799 1875 ¹⁸³),
822 1791 1035 1876 Tarquinium
1057 1789 1242 1877 Superbum
1265 1801 1378 1857 votum
1399 1793 1502 1876 patris

362 1900 517 1986 Capitolii
538 1900 766 1965 aedificatione
789 1901 990 1985 persolvisse
1008 1897 1069 1985 184).

448 2031 552 2094 Maius
573 2039 681 2094 autern
705 2032 833 2096 omnino
856 2031 928 2095 fere
951 2052 1022 2095 cum
1046 2039 1158 2096 nostro
1179 2039 1313 2095 auctore
1330 2035 1502 2111 consentit,

362 2164 433 2206 cum
457 2141 667 2226 Tarquinium
690 2142 840 2206 Priscum
869 2151 979 2206 narrat
1010 2163 1119 2206 aream
1142 2141 1185 2206 ad
1207 2141 1322 2206 aedem
1345 2145 1377 2204 in
1400 2141 1502 2227 Capi-

360 2247 569 2332 tetolonis,
600 2271 696 2336 quarn
727 2255 856 2316 voverit
885 2251 975 2317 bello
1002 2249 1143 2328 Sabino,
1177 2256 1240 2317 iam
1270 2257 1502 2339 praesagiens

359 2365 466 2426 animo
488 2361 631 2426 futuram
660 2362 736 2426 olim
766 2363 1012 2448 amplitudinem
1044 2363 1109 2428 loci
1136 2366 1350 2449 occupavisse
1379 2362 1503 2427 funda-

359 2477 476 2538 mentis
493 2472 561 2555 ¹⁸⁵);
598 2474 809 2556 Tarquinium
847 2472 1030 2558 Superbum
1067 2484 1164 2559 capta
1201 2473 1324 2540 Suessa
1351 2473 1504 2538 Pometia

360 2585 577 2669 quadraginta
598 2582 723 2646 talenta
743 2587 888 2668 argenti,
912 2603 999 2667 quae
1022 2583 1190 2650 divendita
1212 2585 1337 2670 praeda
1358 2605 1501 2669 aecepe-

335 2767 337 2772 ¹
358 2699 416 2772 rit,
447 2697 480 2757 in
509 2693 769 2758 aedificationem
791 2691 881 2758 Iovis
903 2693 1016 2780 templi
1038 2698 1227 2780 seposuisse
1245 2693 1313 2778 ¹⁸“);
1330 2695 1408 2760 sed
1430 2697 1500 2760 Po—

358 2809 497 2870 mctiuas
519 2803 699 2877 manubias,
722 2825 807 2888 quae
829 2805 1043 2890 perducendo
1064 2806 1108 2870 ad
1131 2807 1257 2871 eulnmn
1280 2809 1372 2891 operi
1395 2805 1501 2872 desti-

358 2927 455 2982 natae
477 2917 616 2998 iuerint‚
648 2917 705 2980 vix
735 2919 769 2983 in
797 2916 1010 2982 fundamenta
1037 2919 1268 3004 suppeditasse
1285 2916 1354 3002 ¹⁸¹);
1387 2921 1500 3001 itaque

358 3051 432 3096 eum
454 3033 613 3094 intentum
636 3029 837 3114 perficiendo
859 3031 983 3115 templo
1008 3030 1111 3095 fabris
1134 3030 1279 3114 undique
1302 3051 1346 3094 ex
1368 3029 1501 3095 Etruria

303 3169 316 3196 ·
358 3144 471 3206 accitis
499 3145 564 3206 no'n
578 3143 732 3225 'pecnnia
760 3141 865 3206 solum
895 3141 938 3206 ad
967 3142 1001 3205 id
1032 3139 1163 3227 publica
1193 3163 1267 3208 osse
1296 3163 1407 3222 usum,
1440 3139 1500 3204 scd

359 3255 469 3336 operis
492 3255 589 3316 etiam
611 3271 656 3316 ex
678 3251 778 3336 plebe
792 3248 853 3333 188).

444 3379 574 3444 Deinde
586 3379 730 3462 Dionysii
742 3380 844 3445 verba
860 3381 1062 3465 aliquantum
1078 3381 1234 3446 differunt
1254 3382 1296 3445 ab
1307 3380 1381 3445 aliis
1391 3400 1499 3444 rerum

358 3491 584 3574 scriptoribus.
627 3490 758 3556 Etenim
780 3497 853 3556 non'
868 3492 974 3557 solum
996 3491 1086 3574 Iovi,
1116 3493 1177 3557 sed
1205 3495 1301 3556 ctiam
1323 3489 1440 3555 Iunoni
1461 3509 1501 3555 ac

358 3601 528 3665 Minervae
557 3599 645 3664 illam
678 3602 794 3667 aedem
828 3607 961 3669 vovisse
992 3605 1093 3671 tradit
1116 3603 1328 3687 Tarquinium
1351 3604 1499 3670 Priscum

361 3779 395 3785 .-
754 3777 788 3782 .—
797 3777 1184 3786 —-—-———.⁴.-.—-.-----··

414 3931 418 3938 ,
445 3875 478 3908 ¹⁸²
510 3875 580 3926 Hist.
598 3876 648 3942 111,
668 3879 708 3928 it.

445 3969 477 4002 ¹⁸¹
509 3969 550 4020 De
568 3985 624 4035 rep.
644 3969 679 4036 11,
699 3971 739 4021 20.

1635 2525 1639 2534 ,
1729 2409 1731 2510 t
