3484 5374
359 473 420 536 106

357 643 410 709 die
432 645 570 712 Ansicht
591 648 711 714 iilterer
734 651 821 730 Zeis,
845 650 922 715 dass
945 649 1035 715 diese
1059 649 1252 734 Magistratc
1276 649 1378 714 sehon
1399 657 1497 714 nater

356 757 421 822 den
442 757 595 845 Kiinigen
617 759 827 826 hestauden.“
874 761 1061 826 Niebuhriua
1083 771 1209 840 autem,
1245 760 1334 844 quod
1365 763 1397 823 in
1419 760 1495 846 lege

356 872 482 934 curiata
503 881 695 955 quaestores
723 877 877 940 nominati
905 879 984 956 sint,
1014 875 1048 938 id
1074 875 1161 938 hunc
1182 877 1215 938 in
1237 874 1369 939 modum
1392 875 1496 940 inter-

356 989 505 1068 pretatur
513 1009 524 1046 ε.
551 982 687 1050 Brutum
715 987 771 1052 illa
801 989 878 1074 lege
906 991 1078 1076 rogavisse
1110 989 1206 1066 „dass
1237 1009 1271 1052 es
1304 991 1362 1051 mit
1391 988 1496 1052 ihrsm

357 1095 456 1160 Amte
477 1097 608 1162 hleiben
631 1100 729 1177 solie,
752 1103 815 1165 wie
838 1123 874 1165 es
898 1110 993 1166 nater
1013 1101 1077 1166 den
1089 1101 1243 1187 Kiinigen
1258 1100 1417 1165 bestand“
1430 1098 1497 1181 ²⁸²).

357 1206 478 1271 Veram
501 1213 601 1296 igitur
622 1213 893 1296 manifestamque
917 1214 1156 1278 conclusionem
1179 1215 1259 1277 feeit
1276 1211 1498 1296 thpcrdeius:

360 1321 433 1397 „Da
460 1320 568 1386 dieses
591 1321 817 1407 Curiatgesetn
849 1325 918 1388 sich
947 1345 1009 1388 nur
1043 1325 1104 1388 auf
1127 1325 1180 1389 die
1209 1325 1407 1410 Befngnisse
1439 1322 1498 1386 der

358 1431 488 1516 Klinige
511 1430 576 1494 und
600 1431 744 1498 Consuln
766 1434 886 1520 beaug,
920 1457 959 1500 so
987 1435 1120 1499 lucranten
1149 1437 1199 1500 die
1224 1433 1416 1516 Quaesturam
1436 1453 1498 1496 nur

359 1543 497 1606 dmahalb
520 1545 611 1607 donn
633 1547 771 1610 erantne
792 1549 875 1627 sein,
898 1550 967 1611 weil
981 1551 1056 1631 jane
1079 1551 1122 1611 a'c
1145 1569 1186 1610 nu
1209 1560 1364 1612 eraennen
1385 1547 1497 1625 holten,

241 1677 243 1682 ·
359 1653 426 1718 und
438 1654 572 1720 Tacitus
594 1656 680 1720 kann
698 1657 853 1724 desshalh
869 1661 956 1723 ohne
965 1659 1133 1724 Welteres
1155 1658 1340 1723 fortiahren
1360 1660 1499 1725 mansit-

360 1787 431 1858 que
448 1769 634 1832 consulibus
655 1779 804 1854 potestas
827 1770 1009 1854 deligendi,
1032 1771 1081 1834 als
1099 1761 1197 1834 ¹hiitte
1219 1789 1256 1832 er
1279 1769 1398 1832 vorhcr
1419 1789 1500 1832 aus-

361 1877 530 1942 driiclrlich
552 1889 686 1966 gesagt‚
710 1881 787 1946 dass
809 1882 863 1946 die
885 1883 1015 1967 Kiinige
1037 1881 1103 1945 und
1127 1890 1235 1945 ersten
1258 1879 1405 1944 Consuln
1428 1879 1499 1943 dies

361 1989 673 2075 Ernennungsrecht
694 1991 818 2078 gehabt
841 1993 972 2058 hitten“
990 1991 1053 2077 ²⁸³).

447 2103 498 2166 Ac
528 2105 660 2184 mirum,
693 2105 808 2184 credo,
844 2114 895 2170 est
928 2105 1017 2189 quod
1042 2105 1215 2184 Becheros,
1248 2127 1321 2168 cum
1354 2103 1499 2188 reliquos

349 2203 572 2302 'magistratus
610 2238 726 2282 ornnes
747 2239 775 2292 ¹a
808 2218 941 2304 regibus
975 2227 1104 2282 creatos
1138 2237 1213 2282 esse
1246 2213 1500 2296 contendat²⁸⁴),

362 2347 458 2390 unam
482 2327 697 2411 quaestorumi
718 2332 916 2394 creationem
946 2332 1085 2413 excipit,
1118 2331 1213 2392 nimis
1242 2327 1384 2392 confisus
1407 2326 1501 2390 Iunio

363 2440 573 2523 Gracchano,
606 2444 697 2505 cuius
718 2441 822 2506 verba
844 2462 916 2506 cum
939 2442 1046 2506 Taciti
1068 2441 1141 2506 loco
1164 2444 1293 2504 omnino
1316 2461 1380 2504 non
1402 2459 1502 2524 posse

363 2552 527 2641 conciliari
555 2562 725 2617 asseverat
738 2551 802 2637 ¹¹⁸⁵).
847 2554 980 2619 Minime
1013 2571 1150 2618 necesse
1182 2561 1232 2618 est
1262 2555 1364 2618 nostri
1391 2571 1502 2615 rerum

363 2661 532 2747 scriptoris
562 2663 748 2727 vindicandi
781 2685 880 2728 causa
913 2664 954 2728 de
982 2663 1066 2728 lunii
1092 2662 1276 2728 Gracchani
1307 2665 1503 2728 auctoritate

363 2795 460 2860 qnam
493 2775 664 2860 plurimum
683 2777 902 2842 detrahamus
936 2798 1091 2860 eumque,
1123 2777 1213 2859 quod
1242 2797 1262 2838 a
1296 2775 1503 2860 popularium

363 2888 511 2974 partibus
534 2893 672 2967 steterit,
695 2911 786 2956 suam
810 2891 851 2956 de
871 2899 1081 2974 quaestorum
1098 2893 1263 2954 creatione
1285 2890 1503 2952 narrationem

364 3003 500 3066 linxisse
517 3011 715 3067 statuamus:
738 3002 828 3086 quod
839 3003 1004 3068 Rubinoni
1014 3004 1138 3066 crimini
1150 3004 1249 3066 vertit
1260 3000 1427 3064 Beckerns
1441 2996 1504 3079 ²⁹⁶).

362 3107 481 3197 Neque
504 3135 583 3178 vero
605 3116 842 3199 neglegendum
866 3123 917 3180 est
935 3114 1157 3180 Gracchorum
1179 3113 1335 3196 aequales
1358 3114 1416 3176 vix
1439 3132 1504 3196 po·

362 3228 465 3290 tuisse
487 3229 649 3290 veriorem
677 3229 804 3311 priscae
827 3226 1048 3291 Romanorum
1076 3229 1124 3290 rei
1154 3225 1305 3310 publicae
1335 3225 1503 3288 scientiam

364 3334 425 3402 sibi
448 3353 638 3424 comparare
661 3351 758 3422 quam
782 3342 838 3422 qni
859 3339 967 3403 'l'aciti
988 3338 1189 3423 temporibus
1212 3338 1364 3400 vixerint.
1398 3333 1504 3398 Nimia

363 3451 516 3536 proiecto
539 3452 661 3517 audent
684 3453 741 3536 qni
763 3453 857 3516 nnius
881 3450 1067 3515 Gracchani
1088 3452 1284 3514 auctoritate
1314 3447 1400 3511 haud
1423 3448 1504 3511 satis

364 3564 457 3626 firma
479 3564 541 3628 nisi
564 3564 741 3628 inauditam
765 3563 995 3648 exceptionem
1017 3581 1140 3648 ponere
1164 3581 1236 3624 oum
1259 3558 1409 3624 Beckero
1431 3560 1504 3621 ani-

365 3685 452 3740 u'nun
480 3673 653 3756 inducant;
691 3674 725 3737 id
759 3693 838 3739 vero
867 3681 959 3738 tanto
989 3677 1094 3760 magis
1125 3672 1332 3736 temerarium
1363 3669 1504 3750 videtur,

366 3786 455 3870 qnod
477 3786 583 3850 Taciti
606 3793 640 3852 et
662 3785 847 3852 Gracchani
869 3787 959 3852 locos
981 3807 1117 3871 prorsus
1140 3805 1205 3850 non
1225 3803 1327 3868 posse
1355 3784 1440 3846 inter
1468 3801 1504 3846 se

367 3981 1119 3990 n—-w———fifflm

453 4082 497 4148 ²⁸²)
516 4084 547 4136 11.
565 4085 583 4133 l.
602 4083 624 4150 1,
642 4085 692 4136 tta
710 4100 749 4152 sq.
863 4156 866 4164 ί

454 4179 499 4245 ²⁸³)
518 4179 561 4230 Ad
579 4178 648 4231 Anu.
667 4180 717 4243 Xl,
737 4181 778 4229 22.
798 4179 852 4228 vol.
873 4179 907 4230 11.
927 4193 954 4244 p.
974 4181 1006 4228 22
1026 4193 1065 4242 sq.

454 4273 497 4340 ²⁸⁴)
515 4274 546 4323 n.
565 4275 582 4323 1.
602 4274 637 4338 n,
658 4276 681 4338 1,
700 4275 750 4326 ana
768 4289 807 4338 sq.
1080 4293 1121 4363 4

454 4369 499 4433 ²⁸⁸)
518 4369 549 4419 11.
568 4369 584 4419 ι.
604 4369 639 4434 11,
659 4370 684 4435 a,
702 4371 760 4421 aaa.

455 4466 501 4532 η·)
519 4465 550 4514 n.
568 4466 585 4514 1.
603 4463 640 4528 n,
660 4467 684 4530 1,
703 4465 760 4515 aaa.
