3530 5374
1268 551 1306 612 21

173 728 301 810 mipora.
338 725 440 807 Quare
458 731 623 809 onteqaorn
642 725 676 787 in
691 725 747 788 baa
763 724 873 788 aetatis
891 723 993 786 veniret
1013 723 1151 803 insidias,
1174 725 1310 807 receptui

123 883 125 892 ι
172 845 307 904 constet
330 841 507 921 inportuni
528 839 648 918 irrtepro
669 856 747 900 neoc
766 836 953 918 perveniet.“
988 835 1026 900 In
1050 838 1197 920 privatae
1221 838 1308 900 vitae

173 953 235 1018 otio
258 971 317 1036 pro
340 971 400 1017 suo
423 971 587 1034 quemque
609 950 739 1034 ingenio
763 947 944 1016 studiorum
968 947 1130 1014 fructibus
1152 947 1309 1014 delectari

171 1085 281 1149 posse:
305 1071 382 1145 „aut
403 1062 460 1128 ille
481 1068 677 1129 monstrante
698 1077 805 1126 retum
821 1062 1090 1144 preterisset...
1113 1063 1185 1124 iura
1203 1081 1309 1144 quae-

171 1175 312 1242 rentibus
339 1176 531 1240 reddebant
560 1175 769 1258 eloquentiae
798 1181 974 1258 componet
1004 1181 1108 1238 artem
1142 1181 1199 1237 aut
1232 1171 1309 1257 pul-

171 1287 336 1352 cherrimis
358 1288 446 1352 vitae
468 1287 654 1374 praeceptis
677 1283 809 1369 dignum
832 1305 869 1348 os
893 1281 1014 1348 subiet.

254 1438 303 1502 Ac
324 1437 431 1502 Taciti
454 1437 495 1503 dc
514 1437 660 1503 Domitio
672 1439 755 1503 Afro
778 1439 931 1503 iudicium
955 1461 1027 1504 curn
1049 1435 1106 1504 illo
1118 1438 1310 1518 Quintiliani

170 1571 301 1635 prorsus
325 1553 490 1636 congruit3
525 1549 638 1614 scribit
670 1551 770 1614 enim:
807 1549 911 1632 „Afer
929 1552 1119 1634 primoribus
1151 1555 1310 1614 oratorum

170 1662 305 1740 amoime,
334 1661 502 1746 divulgato
525 1663 656 1748 ingenio
680 1668 714 1726 at
735 1671 850 1726 secuta
871 1661 1122 1728 adseveratione
1144 1659 1309 1744 Caesaris,

170 1795 233 1858 que
266 1795 325 1838 suo
357 1775 433 1838 iure'
461 1773 618 1838 dlsertum
654 1793 727 1838 eum
760 1771 949 1860 appellavit
983 1767 1061 1837 mox'
1093 1751 1308 1857 'capessendis

169 1884 427 1949 accusationibus
445 1894 502 1949 aut
518 1907 594 1950 reos
613 1884 751 1950 tutando
770 1887 978 1969 prosperiore
992 1885 1199 1969 eloquentiae
1212 1881 1309 1970 quam

169 2017 291 2060 morum
315 1997 402 2060 fama
424 1996 496 2076 fuit,
520 1997 580 2059 nisi
604 1996 694 2080 quod
717 2003 803 2059 notae
826 2003 964 2060 cortrone
985 1995 1112 2060 nautium
1135 1997 1227 2060 etiam
1250 1995 1311 2060 eto-

169 2109 307 2191 quentiae
320 2109 457 2190 dempsit,
470 2107 637 2188 dornsesso
648 2113 747 2171 orente
758 2110 868 2172 retinet
879 2109 992 2172 silentii
1003 2105 1243 2192 impotierrtiorn“
1258 2105 1309 2187 ⁸⁹).

170 2217 244 2304 Ipse
278 2226 386 2282 autem
416 2217 570 2299 Tacitus,
605 2239 677 2282 cum
710 2221 807 2284 etiam
839 2225 908 2283 tum
943 2239 1068 2283 summa
1102 2217 1309 2301 eloquentiae

171 2331 270 2415 gloria
292 2331 442 2412 floreret,
476 2330 644 2395 consilium
668 2329 748 2394 illud
770 2325 994 2416 praeceptoris
1017 2331 1067 2394 sui
1090 2351 1170 2396 sana
1191 2313 1329 2393 mode-¹

170 2445 294 2507 ratione
328 2451 460 2508 secutus
493 2441 645 2528 publicae
678 2446 765 2508 vitae
804 2461 903 2508 scena
936 2443 1051 2510 relicta
1083 2445 1116 2506 in
1153 2444 1309 2506 historica

169 2555 277 2620 studia
299 2557 386 2620 vires
409 2555 556 2620 intendit.
587 2557 698 2638 Atque
722 2577 762 2620 ea
783 2557 878 2636 ratio,
902 2561 938 2618 ut
950 2554 1100 2638 equidem
1113 2573 1307 2640 persuasum

170 2663 292 2746 habeo,
327 2662 472 2728 eiusdem
507 2673 597 2728 certe
629 2663 786 2750 ponderis
819 2675 871 2730 est
903 2674 1003 2748 atque
1032 2664 1088 2730 illa
1115 2673 1310 2752 argumenta

171 2777 293 2858 omnia,
322 2775 440 2858 quibus
464 2778 524 2838 viri
554 2774 660 2857 docti,
691 2798 749 2840 cur
778 2785 893 2840 auctor
913 2785 1025 2842 nostor
1046 2797 1066 2840 a
1088 2779 1137 2841 rei
1155 2777 1309 2862 publicae

168 2888 354 2953 muneribus
377 2896 503 2952 mature
526 2890 559 2950 in
580 2889 745 2972 privatum
764 2889 864 2952 otium
887 2910 924 2953 se
946 2891 1118 2974 receperit,
1142 2890 1309 2974 explicare

170 3003 279 3064 conati
300 3008 375 3064 sunt
391 3002 439 3082 ⁵⁰).
1025 3009 1027 3013 ’

256 3136 386 3220 Siquis
409 3139 517 3222 igitur,
540 3159 625 3220 quae
650 3141 892 3222 comparatione
916 3141 1002 3204 inter
1015 3138 1121 3204 Taciti
1145 3150 1178 3204 ot
1199 3141 1309 3219 ¹Quin-

168 3250 271 3315 tiliani
293 3251 393 3315 libros
415 3253 564 3314 instituta
586 3247 683 3312 modo
706 3252 935 3333 exposuimus,
959 3250 1111 3314 universa
1132 3247 1308 3314 meditatus

166 3364 283 3446 fuerit,
305 3367 369 3427 iarn
392 3385 473 3444 non,
504 3363 638 3448 opinor,
661 3361 783 3445 poterit
806 3358 973 3442 dubitare,
998 3363 1076 3444 quin
1099 3361 1250 3442 Tacitus,
1273 3371 1310 3428 ut

167 3477 309 3540 oratoris
331 3477 478 3558 civisque
501 3473 620 3546 officiis
643 3481 733 3536 recte
764 3472 977 3557 fungeretur,
1008 3474 1208 3552 Quintiliano
1236 3496 1310 3539 ma-

165 3590 270 3673 gistro
286 3608 364 3652 usus
384 3586 437 3650 sit.
461 3584 561 3650 Cuius
573 3585 737 3649 oratoriae
758 3587 971 3650 institutionis
987 3588 1063 3668 vim,
1085 3589 1115 3651 si
1134 3586 1310 3672 diligenter

167 3700 240 3764 eius
261 3700 403 3784 vestigia
424 3698 667 3781 persequimur,
690 3698 723 3758 in
746 3697 974 3760 historicorum
998 3717 1130 3780 quoque
1153 3697 1309 3764 librorum

166 3819 203 3876 et
226 3812 461 3896 compositione
488 3817 521 3873 et
551 3829 701 3874 sermone
733 3810 877 3875 indicare
911 3830 1093 3893 possumus.
1138 3811 1189 3874 Ac
1219 3819 1310 3874 certa

165 3928 264 4010 quasi
286 3926 341 3990 lex
364 3924 494 3989 videtur
517 3944 590 3987 esse
612 3931 762 4004 servata,
792 3932 829 3988 ut
851 3931 973 4007 quanto
997 3923 1125 3989 felicius
1149 3924 1307 4008 paulatim

163 4039 325 4104 historiae
348 4058 447 4102 sonus
471 4038 673 4120 exprimatur
696 4054 735 4097 ac
756 4033 963 4118 perficiatur,
986 4037 1078 4096 tanto
1101 4032 1207 4114 magis
1230 4030 1309 4093 rhe-

162 4155 307 4218 toricum
331 4149 460 4219 dicendi
481 4169 585 4234 genus
607 4149 771 4212 minuatur
793 4151 894 4228 etque
917 4142 1059 4222 excidat.

162 4348 204 4355 —·
608 4337 830 4346 --..-—-----
1090 4333 1303 4343 Μ...-

256 4462 291 4528 “)
309 4462 379 4514 Ann.
397 4461 445 4528 IV,
464 4461 509 4525 523
528 4461 563 4511 ci.
581 4457 659 4524 XIV,
678 4461 723 4517 19:
741 4458 811 4510 ΒΜ·
831 4460 871 4509 13·

258 4558 291 4624 s)
310 4555 351 4608 cr.
370 4555 509 4611 Harum
526 4558 544 4608 r.
562 4557 579 4606 1.
598 4554 707 4620 exn
