<?xml version="1.0" encoding="UTF-8"?>
<!DOCTYPE html PUBLIC "-//W3C//DTD XHTML 1.0 Transitional//EN"
    "http://www.w3.org/TR/xhtml1/DTD/xhtml1-transitional.dtd">
<html xmlns="http://www.w3.org/1999/xhtml" xml:lang="en" lang="en">
 <head>
  <title>
</title>
<meta http-equiv="Content-Type" content="text/html;charset=utf-8" />
  <meta name='ocr-system' content='tesseract 3.04.00' />
  <meta name='ocr-capabilities' content='ocr_page ocr_carea ocr_par ocr_line ocrx_word'/>
</head>
<body>
  <div class='ocr_page' id='page_1' title='image "./dedoctrinatacit00liebgoog_0053.png"; bbox 0 0 3530 5374; ppageno 0'>
   <div class='ocr_carea' id='block_1_1' title="bbox 1230 493 1273 558">
    <p class='ocr_par' dir='ltr' id='par_1_1' title="bbox 1230 493 1273 558">
     <span class='ocr_line' id='line_1_1' title="bbox 1230 493 1273 558; baseline 0 0"><span class='ocrx_word' id='word_1_1' title='bbox 1230 493 1273 558; x_wconf 77' lang='lat' dir='ltr'>tt</span> 
     </span>
    </p>
   </div>
   <div class='ocr_carea' id='block_1_2' title="bbox 121 643 1298 3764">
    <p class='ocr_par' dir='ltr' id='par_1_2' title="bbox 139 643 1275 1872">
     <span class='ocr_line' id='line_1_2' title="bbox 222 643 1273 751; baseline 0 -21"><span class='ocrx_word' id='word_1_2' title='bbox 222 664 268 730; x_wconf 86' lang='lat' dir='ltr'>At</span> <span class='ocrx_word' id='word_1_3' title='bbox 291 663 543 732; x_wconf 71' lang='lat' dir='ltr'>caueamur</span> <span class='ocrx_word' id='word_1_4' title='bbox 574 672 641 746; x_wconf 82' lang='lat' dir='ltr'>est,</span> <span class='ocrx_word' id='word_1_5' title='bbox 676 664 851 732; x_wconf 75' lang='lat' dir='ltr'><strong>Britannos</strong></span> <span class='ocrx_word' id='word_1_6' title='bbox 880 667 973 750; x_wconf 88' lang='lat' dir='ltr'>equis</span> <span class='ocrx_word' id='word_1_7' title='bbox 1002 667 1145 732; x_wconf 74' lang='lat' dir='ltr'>maxime</span> <span class='ocrx_word' id='word_1_8' title='bbox 1173 643 1273 751; x_wconf 81' lang='lat' dir='ltr'>etque</span> 
     </span>
     <span class='ocr_line' id='line_1_3' title="bbox 150 777 1273 863; baseline 0 -21"><span class='ocrx_word' id='word_1_9' title='bbox 150 777 261 844; x_wconf 81' lang='lat' dir='ltr'>essedis</span> <span class='ocrx_word' id='word_1_10' title='bbox 282 777 453 863; x_wconf 80' lang='lat' dir='ltr'>prnelinri3</span> <span class='ocrx_word' id='word_1_11' title='bbox 477 797 577 863; x_wconf 79' lang='lat' dir='ltr'>saepe</span> <span class='ocrx_word' id='word_1_12' title='bbox 598 780 627 842; x_wconf 91' lang='lat' dir='ltr'>is</span> <span class='ocrx_word' id='word_1_13' title='bbox 650 781 778 862; x_wconf 85' lang='lat' dir='ltr'>equites</span> <span class='ocrx_word' id='word_1_14' title='bbox 802 787 835 844; x_wconf 90' lang='lat' dir='ltr'>et</span> <span class='ocrx_word' id='word_1_15' title='bbox 856 778 1042 846; x_wconf 68' lang='lat' dir='ltr'>essedarios</span> <span class='ocrx_word' id='word_1_16' title='bbox 1064 781 1208 844; x_wconf 81' lang='lat' dir='ltr'>nominet</span> <span class='ocrx_word' id='word_1_17' title='bbox 1221 777 1273 860; x_wconf 89' lang='lat'>¹¹¹)</span> 
     </span>
     <span class='ocr_line' id='line_1_4' title="bbox 148 867 1273 978; baseline 0 -24"><span class='ocrx_word' id='word_1_18' title='bbox 148 897 351 972; x_wconf 76' lang='lat' dir='ltr'><strong>accurateque</strong></span> <span class='ocrx_word' id='word_1_19' title='bbox 365 867 423 972; x_wconf 77' lang='lat' dir='ltr'>IV,</span> <span class='ocrx_word' id='word_1_20' title='bbox 441 890 492 958; x_wconf 83' lang='lat'>33.</span> <span class='ocrx_word' id='word_1_21' title='bbox 508 909 612 978; x_wconf 85' lang='lat' dir='ltr'>genus</span> <span class='ocrx_word' id='word_1_22' title='bbox 630 911 673 956; x_wconf 85' lang='lat' dir='ltr'>ex</span> <span class='ocrx_word' id='word_1_23' title='bbox 686 889 812 956; x_wconf 80' lang='lat' dir='ltr'>essedis</span> <span class='ocrx_word' id='word_1_24' title='bbox 828 911 960 976; x_wconf 78' lang='lat' dir='ltr'>pugnae</span> <span class='ocrx_word' id='word_1_25' title='bbox 972 889 1137 956; x_wconf 79' lang='lat' dir='ltr'>describit</span> <span class='ocrx_word' id='word_1_26' title='bbox 1163 889 1273 954; x_wconf 75' lang='lat' dir='ltr'>Etiam</span> 
     </span>
     <span class='ocr_line' id='line_1_5' title="bbox 147 1000 1274 1086; baseline 0.002 -20"><span class='ocrx_word' id='word_1_27' title='bbox 147 1001 223 1086; x_wconf 81' lang='lat' dir='ltr'>apud</span> <span class='ocrx_word' id='word_1_28' title='bbox 244 1000 414 1074; x_wconf 79' lang='lat' dir='ltr'>Diodorum</span> <span class='ocrx_word' id='word_1_29' title='bbox 433 1001 485 1086; x_wconf 82' lang='lat'>¹¹¹)</span> <span class='ocrx_word' id='word_1_30' title='bbox 509 1025 661 1068; x_wconf 85' lang='lat' dir='ltr'>curruum</span> <span class='ocrx_word' id='word_1_31' title='bbox 682 1023 761 1070; x_wconf 86' lang='lat' dir='ltr'>usus</span> <span class='ocrx_word' id='word_1_32' title='bbox 784 1003 943 1084; x_wconf 76' lang='lat' dir='ltr'>refertur,</span> <span class='ocrx_word' id='word_1_33' title='bbox 966 1010 1015 1086; x_wconf 89' lang='lat' dir='ltr'>et,</span> <span class='ocrx_word' id='word_1_34' title='bbox 1044 1005 1092 1068; x_wconf 89' lang='lat' dir='ltr'>uti</span> <span class='ocrx_word' id='word_1_35' title='bbox 1115 1002 1199 1066; x_wconf 74' lang='lat' dir='ltr'>Metu</span> <span class='ocrx_word' id='word_1_36' title='bbox 1220 1011 1274 1068; x_wconf 87' lang='lat' dir='ltr'>te-</span> 
     </span>
     <span class='ocr_line' id='line_1_6' title="bbox 145 1113 1273 1198; baseline 0 -20"><span class='ocrx_word' id='word_1_37' title='bbox 145 1121 256 1194; x_wconf 81' lang='lat' dir='ltr'>stetur,</span> <span class='ocrx_word' id='word_1_38' title='bbox 287 1113 456 1193; x_wconf 73' lang='lat' dir='ltr'>„Britanni</span> <span class='ocrx_word' id='word_1_39' title='bbox 486 1113 642 1180; x_wconf 79' lang='lat' dir='ltr'>dimicent</span> <span class='ocrx_word' id='word_1_40' title='bbox 669 1135 734 1181; x_wconf 92' lang='lat' dir='ltr'>non</span> <span class='ocrx_word' id='word_1_41' title='bbox 762 1116 911 1198; x_wconf 70' lang='lat' dir='ltr'>equitatu</span> <span class='ocrx_word' id='word_1_42' title='bbox 939 1113 1037 1180; x_wconf 86' lang='lat' dir='ltr'>mede</span> <span class='ocrx_word' id='word_1_43' title='bbox 1066 1121 1123 1180; x_wconf 82' lang='lat' dir='ltr'>eut</span> <span class='ocrx_word' id='word_1_44' title='bbox 1151 1113 1273 1198; x_wconf 89' lang='lat' dir='ltr'>pedite,</span> 
     </span>
     <span class='ocr_line' id='line_1_7' title="bbox 145 1223 1274 1310; baseline 0 -20"><span class='ocrx_word' id='word_1_45' title='bbox 145 1248 247 1292; x_wconf 87' lang='lat' dir='ltr'>verum</span> <span class='ocrx_word' id='word_1_46' title='bbox 269 1233 302 1290; x_wconf 91' lang='lat' dir='ltr'>et</span> <span class='ocrx_word' id='word_1_47' title='bbox 323 1225 407 1310; x_wconf 83' lang='lat' dir='ltr'>bigis</span> <span class='ocrx_word' id='word_1_48' title='bbox 439 1233 472 1290; x_wconf 89' lang='lat' dir='ltr'>et</span> <span class='ocrx_word' id='word_1_49' title='bbox 501 1225 648 1290; x_wconf 76' lang='lat' dir='ltr'>turribus</span> <span class='ocrx_word' id='word_1_50' title='bbox 672 1223 799 1295; x_wconf 70' lang='lat' dir='ltr'>Gallice</span> <span class='ocrx_word' id='word_1_51' title='bbox 830 1227 946 1290; x_wconf 76' lang='lat' dir='ltr'>armati</span> <span class='ocrx_word' id='word_1_52' title='bbox 961 1225 1028 1307; x_wconf 84' lang='lat'>¹¹¹):</span> <span class='ocrx_word' id='word_1_53' title='bbox 1058 1227 1182 1290; x_wconf 72' lang='lat' dir='ltr'>eertum</span> <span class='ocrx_word' id='word_1_54' title='bbox 1211 1247 1274 1290; x_wconf 87' lang='lat' dir='ltr'>vo-</span> 
     </span>
     <span class='ocr_line' id='line_1_8' title="bbox 144 1321 1275 1423; baseline -0.004 -19"><span class='ocrx_word' id='word_1_55' title='bbox 144 1347 225 1419; x_wconf 81' lang='lat' dir='ltr'>eant,</span> <span class='ocrx_word' id='word_1_56' title='bbox 246 1321 385 1423; x_wconf 80' lang='lat' dir='ltr'>quorum</span> <span class='ocrx_word' id='word_1_57' title='bbox 406 1338 538 1403; x_wconf 71' lang='lat' dir='ltr'>fulcatis</span> <span class='ocrx_word' id='word_1_58' title='bbox 558 1337 677 1402; x_wconf 74' lang='lat' dir='ltr'>axibus</span> <span class='ocrx_word' id='word_1_59' title='bbox 700 1339 855 1404; x_wconf 83' lang='lat' dir='ltr'>utuntur¹¹</span> <span class='ocrx_word' id='word_1_60' title='bbox 879 1336 951 1420; x_wconf 77' lang='grc' dir='ltr'>(ΙΙΙ,</span> <span class='ocrx_word' id='word_1_61' title='bbox 975 1335 1028 1422; x_wconf 90' lang='grc'><strong>6.).</strong></span> <span class='ocrx_word' id='word_1_62' title='bbox 1072 1336 1171 1417; x_wconf 82' lang='lat' dir='ltr'>Quod</span> <span class='ocrx_word' id='word_1_63' title='bbox 1193 1357 1275 1402; x_wconf 85' lang='lat' dir='ltr'>eon·</span> 
     </span>
     <span class='ocr_line' id='line_1_9' title="bbox 142 1448 1274 1536; baseline 0 -22"><span class='ocrx_word' id='word_1_64' title='bbox 142 1453 224 1536; x_wconf 86' lang='lat' dir='ltr'>gruit</span> <span class='ocrx_word' id='word_1_65' title='bbox 243 1469 315 1514; x_wconf 83' lang='lat' dir='ltr'>eum</span> <span class='ocrx_word' id='word_1_66' title='bbox 338 1449 418 1535; x_wconf 86' lang='lat' dir='ltr'>Agr.</span> <span class='ocrx_word' id='word_1_67' title='bbox 441 1448 509 1529; x_wconf 77' lang='lat' dir='ltr'>tt,</span> <span class='ocrx_word' id='word_1_68' title='bbox 532 1449 588 1514; x_wconf 90' lang='lat' dir='ltr'>ubi</span> <span class='ocrx_word' id='word_1_69' title='bbox 610 1449 745 1514; x_wconf 74' lang='lat' dir='ltr'>Tacitus</span> <span class='ocrx_word' id='word_1_70' title='bbox 767 1450 979 1514; x_wconf 77' lang='lat' dir='ltr'>eeeirmurium</span> <span class='ocrx_word' id='word_1_71' title='bbox 1008 1450 1153 1531; x_wconf 75' lang='lat' dir='ltr'>equitem</span> <span class='ocrx_word' id='word_1_72' title='bbox 1182 1459 1274 1514; x_wconf 81' lang='lat' dir='ltr'>eom·</span> 
     </span>
     <span class='ocr_line' id='line_1_10' title="bbox 140 1551 1275 1646; baseline 0 -22"><span class='ocrx_word' id='word_1_73' title='bbox 140 1570 299 1626; x_wconf 83' lang='lat' dir='ltr'>memoret.</span> <span class='ocrx_word' id='word_1_74' title='bbox 330 1559 439 1625; x_wconf 80' lang='lat' dir='ltr'>Etiam</span> <span class='ocrx_word' id='word_1_75' title='bbox 462 1557 573 1627; x_wconf 75' lang='lat' dir='ltr'>sueto</span> <span class='ocrx_word' id='word_1_76' title='bbox 596 1579 669 1624; x_wconf 88' lang='lat' dir='ltr'>eum</span> <span class='ocrx_word' id='word_1_77' title='bbox 692 1559 783 1624; x_wconf 83' lang='lat' dir='ltr'>Mein</span> <span class='ocrx_word' id='word_1_78' title='bbox 805 1562 982 1624; x_wconf 72' lang='lat' dir='ltr'>consentit:</span> <span class='ocrx_word' id='word_1_79' title='bbox 1006 1551 1115 1646; x_wconf 66' lang='lat' dir='ltr'>„dipsis</span> <span class='ocrx_word' id='word_1_80' title='bbox 1142 1556 1177 1624; x_wconf 80' lang='lat' dir='ltr'>dd</span> <span class='ocrx_word' id='word_1_81' title='bbox 1198 1552 1275 1632; x_wconf 76' lang='grc' dir='ltr'>τούς</span> 
     </span>
     <span class='ocr_line' id='line_1_11' title="bbox 140 1663 1275 1762; baseline 0.002 -26"><span class='ocrx_word' id='word_1_82' title='bbox 140 1670 299 1754; x_wconf 71' lang='grc' dir='ltr'><strong><em>πολέμους</em></strong></span> <span class='ocrx_word' id='word_1_83' title='bbox 321 1664 464 1760; x_wconf 76' lang='grc' dir='ltr'><strong><em>ἀπήναις</em></strong></span> <span class='ocrx_word' id='word_1_84' title='bbox 486 1671 629 1758; x_wconf 80' lang='grc' dir='ltr'><strong><em>χρῶνται</em></strong></span> <span class='ocrx_word' id='word_1_85' title='bbox 651 1663 688 1736; x_wconf 82' lang='lat' dir='ltr'>td</span> <span class='ocrx_word' id='word_1_86' title='bbox 712 1667 822 1747; x_wconf 72' lang='grc' dir='ltr'><strong><em>πλέον,</em></strong></span> <span class='ocrx_word' id='word_1_87' title='bbox 844 1664 1000 1762; x_wconf 71' lang='grc' dir='ltr'><strong><em>καθάπερ</em></strong></span> <span class='ocrx_word' id='word_1_88' title='bbox 1021 1667 1079 1736; x_wconf 79' lang='grc' dir='ltr'>καὶ</span> <span class='ocrx_word' id='word_1_89' title='bbox 1100 1671 1165 1736; x_wconf 81' lang='grc' dir='ltr'><strong><em>τῶν</em></strong></span> <span class='ocrx_word' id='word_1_90' title='bbox 1192 1670 1275 1738; x_wconf 81' lang='grc' dir='ltr'><strong><em>Κελ-</em></strong></span> 
     </span>
     <span class='ocr_line' id='line_1_12' title="bbox 139 1779 696 1872; baseline -0.004 -23"><span class='ocrx_word' id='word_1_91' title='bbox 139 1785 201 1849; x_wconf 78' lang='grc' dir='ltr'><strong><em>τῶν</em></strong></span> <span class='ocrx_word' id='word_1_92' title='bbox 222 1779 319 1852; x_wconf 49' lang='grc' dir='ltr'><strong><em>ἔνιοῦ(</em></strong></span> <span class='ocrx_word' id='word_1_93' title='bbox 344 1783 417 1871; x_wconf 86' lang='lat' dir='ltr'>(IV,</span> <span class='ocrx_word' id='word_1_94' title='bbox 440 1785 470 1868; x_wconf 85' lang='lat'>5,</span> <span class='ocrx_word' id='word_1_95' title='bbox 494 1787 522 1849; x_wconf 93' lang='grc'>2.</span> <span class='ocrx_word' id='word_1_96' title='bbox 544 1806 576 1872; x_wconf 88' lang='lat' dir='ltr'>p.</span> <span class='ocrx_word' id='word_1_97' title='bbox 600 1783 696 1866; x_wconf 79' lang='grc'><strong>200.)</strong></span> 
     </span>
    </p>

    <p class='ocr_par' dir='ltr' id='par_1_3' title="bbox 121 1894 1298 3764">
     <span class='ocr_line' id='line_1_13' title="bbox 221 1894 1275 1978; baseline 0.002 -20"><span class='ocrx_word' id='word_1_98' title='bbox 221 1895 303 1960; x_wconf 81' lang='lat' dir='ltr'>Tum</span> <span class='ocrx_word' id='word_1_99' title='bbox 325 1895 367 1962; x_wconf 89' lang='lat' dir='ltr'>de</span> <span class='ocrx_word' id='word_1_100' title='bbox 390 1894 619 1960; x_wconf 75' lang='lat' dir='ltr'>Britannorum</span> <span class='ocrx_word' id='word_1_101' title='bbox 642 1916 676 1959; x_wconf 86' lang='grc' dir='ltr'><strong><em>νο</em></strong></span> <span class='ocrx_word' id='word_1_102' title='bbox 695 1895 821 1978; x_wconf 83' lang='lat' dir='ltr'>publicu</span> <span class='ocrx_word' id='word_1_103' title='bbox 842 1917 862 1960; x_wconf 85' lang='lat' dir='ltr'>e</span> <span class='ocrx_word' id='word_1_104' title='bbox 885 1895 1001 1961; x_wconf 78' lang='lat' dir='ltr'>Tacito</span> <span class='ocrx_word' id='word_1_105' title='bbox 1032 1895 1113 1960; x_wconf 83' lang='lat' dir='ltr'>hese</span> <span class='ocrx_word' id='word_1_106' title='bbox 1135 1895 1275 1960; x_wconf 85' lang='lat' dir='ltr'>trudun-</span> 
     </span>
     <span class='ocr_line' id='line_1_14' title="bbox 138 2007 1274 2096; baseline 0.002 -26"><span class='ocrx_word' id='word_1_107' title='bbox 138 2017 204 2070; x_wconf 85' lang='lat' dir='ltr'>tur:</span> <span class='ocrx_word' id='word_1_108' title='bbox 227 2007 332 2092; x_wconf 81' lang='lat' dir='ltr'>„Olim</span> <span class='ocrx_word' id='word_1_109' title='bbox 355 2009 487 2096; x_wconf 87' lang='lat' dir='ltr'>regibus</span> <span class='ocrx_word' id='word_1_110' title='bbox 508 2007 679 2093; x_wconf 81' lang='lat' dir='ltr'>parebunt,</span> <span class='ocrx_word' id='word_1_111' title='bbox 701 2027 786 2070; x_wconf 87' lang='lat' dir='ltr'>nune</span> <span class='ocrx_word' id='word_1_112' title='bbox 807 2027 867 2092; x_wconf 91' lang='lat' dir='ltr'>per</span> <span class='ocrx_word' id='word_1_113' title='bbox 888 2010 1054 2093; x_wconf 87' lang='lat' dir='ltr'>principes</span> <span class='ocrx_word' id='word_1_114' title='bbox 1076 2008 1274 2074; x_wconf 81' lang='lat' dir='ltr'>factionibus</span> 
     </span>
     <span class='ocr_line' id='line_1_15' title="bbox 138 2117 1275 2204; baseline -0.002 -20"><span class='ocrx_word' id='word_1_115' title='bbox 138 2128 170 2184; x_wconf 90' lang='lat' dir='ltr'>et</span> <span class='ocrx_word' id='word_1_116' title='bbox 192 2118 305 2184; x_wconf 88' lang='lat' dir='ltr'>studiis</span> <span class='ocrx_word' id='word_1_117' title='bbox 329 2118 560 2184; x_wconf 79' lang='lat' dir='ltr'>distrahuntur.</span> <span class='ocrx_word' id='word_1_118' title='bbox 586 2139 648 2184; x_wconf 86' lang='lat' dir='ltr'>nee</span> <span class='ocrx_word' id='word_1_119' title='bbox 669 2117 758 2182; x_wconf 81' lang='lat' dir='ltr'>eliud</span> <span class='ocrx_word' id='word_1_120' title='bbox 779 2117 1169 2185; x_wconf 79' lang='lat' dir='ltr'>adversusvelidissimus</span> <span class='ocrx_word' id='word_1_121' title='bbox 1190 2139 1275 2204; x_wconf 85' lang='lat' dir='ltr'>gen-</span> 
     </span>
     <span class='ocr_line' id='line_1_16' title="bbox 135 2229 1273 2316; baseline 0.001 -23"><span class='ocrx_word' id='word_1_122' title='bbox 135 2234 177 2296; x_wconf 89' lang='lat' dir='ltr'>tis</span> <span class='ocrx_word' id='word_1_123' title='bbox 198 2253 258 2316; x_wconf 90' lang='lat' dir='ltr'>pro</span> <span class='ocrx_word' id='word_1_124' title='bbox 281 2231 376 2296; x_wconf 91' lang='lat' dir='ltr'>nobis</span> <span class='ocrx_word' id='word_1_125' title='bbox 399 2230 509 2296; x_wconf 89' lang='lat' dir='ltr'>utilius</span> <span class='ocrx_word' id='word_1_126' title='bbox 533 2251 631 2314; x_wconf 89' lang='lat' dir='ltr'>quem</span> <span class='ocrx_word' id='word_1_127' title='bbox 653 2229 741 2313; x_wconf 91' lang='lat' dir='ltr'>quod</span> <span class='ocrx_word' id='word_1_128' title='bbox 763 2232 794 2293; x_wconf 88' lang='lat' dir='ltr'>in</span> <span class='ocrx_word' id='word_1_129' title='bbox 816 2250 985 2295; x_wconf 83' lang='lat' dir='ltr'>commune</span> <span class='ocrx_word' id='word_1_130' title='bbox 1010 2253 1074 2296; x_wconf 88' lang='lat' dir='ltr'>nou</span> <span class='ocrx_word' id='word_1_131' title='bbox 1092 2229 1273 2296; x_wconf 79' lang='lat' dir='ltr'>consulunt</span> 
     </span>
     <span class='ocr_line' id='line_1_17' title="bbox 134 2327 1274 2424; baseline 0.005 -23"><span class='ocrx_word' id='word_1_132' title='bbox 134 2360 227 2403; x_wconf 80' lang='lat' dir='ltr'>rarus</span> <span class='ocrx_word' id='word_1_133' title='bbox 249 2339 376 2404; x_wconf 79' lang='lat' dir='ltr'>duabus</span> <span class='ocrx_word' id='word_1_134' title='bbox 398 2340 545 2405; x_wconf 86' lang='lat' dir='ltr'>tribusve</span> <span class='ocrx_word' id='word_1_135' title='bbox 568 2327 755 2424; x_wconf 65' lang='lat' dir='ltr'>civitatibus</span> <span class='ocrx_word' id='word_1_136' title='bbox 777 2339 820 2404; x_wconf 84' lang='lat' dir='ltr'>ud</span> <span class='ocrx_word' id='word_1_137' title='bbox 835 2339 1091 2424; x_wconf 80' lang='lat' dir='ltr'>propulsandum</span> <span class='ocrx_word' id='word_1_138' title='bbox 1105 2362 1274 2407; x_wconf 84' lang='lat' dir='ltr'>commune</span> 
     </span>
     <span class='ocr_line' id='line_1_18' title="bbox 133 2451 1272 2536; baseline 0.004 -22"><span class='ocrx_word' id='word_1_139' title='bbox 133 2451 313 2535; x_wconf 88' lang='lat' dir='ltr'>periculum</span> <span class='ocrx_word' id='word_1_140' title='bbox 335 2459 530 2516; x_wconf 81' lang='lat' dir='ltr'>conventus:</span> <span class='ocrx_word' id='word_1_141' title='bbox 559 2453 605 2516; x_wconf 77' lang='lat' dir='ltr'>ite</span> <span class='ocrx_word' id='word_1_142' title='bbox 632 2452 751 2536; x_wconf 88' lang='lat' dir='ltr'>singuli</span> <span class='ocrx_word' id='word_1_143' title='bbox 771 2460 938 2536; x_wconf 85' lang='lat' dir='ltr'>pugnent,</span> <span class='ocrx_word' id='word_1_144' title='bbox 967 2455 1112 2518; x_wconf 88' lang='lat' dir='ltr'>universi</span> <span class='ocrx_word' id='word_1_145' title='bbox 1134 2455 1272 2519; x_wconf 83' lang='lat' dir='ltr'>vincun-</span> 
     </span>
     <span class='ocr_line' id='line_1_19' title="bbox 133 2543 1274 2652; baseline 0.002 -26"><span class='ocrx_word' id='word_1_146' title='bbox 133 2565 206 2627; x_wconf 89' lang='lat' dir='ltr'>tur“</span> <span class='ocrx_word' id='word_1_147' title='bbox 230 2543 325 2648; x_wconf 86' lang='lat' dir='ltr'>(Agr.</span> <span class='ocrx_word' id='word_1_148' title='bbox 350 2564 422 2646; x_wconf 85' lang='grc'><strong>12.)</strong></span> <span class='ocrx_word' id='word_1_149' title='bbox 467 2563 592 2628; x_wconf 82' lang='lat' dir='ltr'>Sexum</span> <span class='ocrx_word' id='word_1_150' title='bbox 619 2566 652 2626; x_wconf 89' lang='lat' dir='ltr'>in</span> <span class='ocrx_word' id='word_1_151' title='bbox 681 2565 817 2648; x_wconf 90' lang='lat' dir='ltr'>imperio</span> <span class='ocrx_word' id='word_1_152' title='bbox 840 2585 904 2627; x_wconf 92' lang='lat' dir='ltr'>non</span> <span class='ocrx_word' id='word_1_153' title='bbox 927 2563 1157 2632; x_wconf 81' lang='lat' dir='ltr'>discernebant</span> <span class='ocrx_word' id='word_1_154' title='bbox 1181 2564 1274 2652; x_wconf 85' lang='lat' dir='ltr'>(Agr.</span> 
     </span>
     <span class='ocr_line' id='line_1_20' title="bbox 133 2672 1274 2764; baseline 0.004 -29"><span class='ocrx_word' id='word_1_155' title='bbox 133 2672 198 2758; x_wconf 88' lang='grc'><strong>16.)</strong></span> <span class='ocrx_word' id='word_1_156' title='bbox 223 2683 256 2738; x_wconf 87' lang='lat' dir='ltr'>et</span> <span class='ocrx_word' id='word_1_157' title='bbox 277 2674 469 2738; x_wconf 80' lang='lat' dir='ltr'>feminarum</span> <span class='ocrx_word' id='word_1_158' title='bbox 493 2674 592 2738; x_wconf 85' lang='lat' dir='ltr'>ductu</span> <span class='ocrx_word' id='word_1_159' title='bbox 614 2674 739 2740; x_wconf 78' lang='lat' dir='ltr'>bellare</span> <span class='ocrx_word' id='word_1_160' title='bbox 761 2678 801 2739; x_wconf 88' lang='lat' dir='ltr'>iis</span> <span class='ocrx_word' id='word_1_161' title='bbox 824 2675 956 2739; x_wconf 90' lang='lat' dir='ltr'>solitum</span> <span class='ocrx_word' id='word_1_162' title='bbox 978 2683 1051 2764; x_wconf 78' lang='lat' dir='ltr'>eret</span> <span class='ocrx_word' id='word_1_163' title='bbox 1070 2675 1167 2756; x_wconf 86' lang='lat' dir='ltr'>(Anu.</span> <span class='ocrx_word' id='word_1_164' title='bbox 1176 2675 1274 2761; x_wconf 84' lang='lat' dir='ltr'>XIV,</span> 
     </span>
     <span class='ocr_line' id='line_1_21' title="bbox 130 2783 1276 2870; baseline 0.006 -22"><span class='ocrx_word' id='word_1_165' title='bbox 130 2785 207 2864; x_wconf 82' lang='lat'><strong>35.).</strong></span> <span class='ocrx_word' id='word_1_166' title='bbox 252 2784 308 2848; x_wconf 89' lang='lat' dir='ltr'>Ali</span> <span class='ocrx_word' id='word_1_167' title='bbox 325 2806 361 2850; x_wconf 89' lang='lat' dir='ltr'>er</span> <span class='ocrx_word' id='word_1_168' title='bbox 391 2806 470 2852; x_wconf 83' lang='lat' dir='ltr'>sune</span> <span class='ocrx_word' id='word_1_169' title='bbox 498 2783 656 2850; x_wconf 79' lang='lat' dir='ltr'>Diodorus</span> <span class='ocrx_word' id='word_1_170' title='bbox 684 2785 813 2868; x_wconf 87' lang='lat' dir='ltr'>scribit,</span> <span class='ocrx_word' id='word_1_171' title='bbox 842 2785 1018 2852; x_wconf 79' lang='lat' dir='ltr'>Britannos</span> <span class='ocrx_word' id='word_1_172' title='bbox 1051 2832 1066 2870; x_wconf 85' lang='lat'>„</span> <span class='ocrx_word' id='word_1_173' title='bbox 1073 2787 1220 2869; x_wconf 76' lang='grc' dir='ltr'><strong><em>βασιλεῖς</em></strong></span> <span class='ocrx_word' id='word_1_174' title='bbox 1241 2813 1276 2856; x_wconf 79' lang='grc' dir='ltr'>τε</span> 
     </span>
     <span class='ocr_line' id='line_1_22' title="bbox 129 2879 1275 2990; baseline 0.005 -32"><span class='ocrx_word' id='word_1_175' title='bbox 129 2896 187 2960; x_wconf 81' lang='grc' dir='ltr'>καὶ</span> <span class='ocrx_word' id='word_1_176' title='bbox 220 2889 382 2975; x_wconf 78' lang='grc' dir='ltr'>δυνάστας</span> <span class='ocrx_word' id='word_1_177' title='bbox 414 2889 557 2971; x_wconf 76' lang='grc' dir='ltr'><strong><em>πολλοὺς</em></strong></span> <span class='ocrx_word' id='word_1_178' title='bbox 585 2893 686 2980; x_wconf 78' lang='grc' dir='ltr'><strong><em>ἔχειν,</em></strong></span> <span class='ocrx_word' id='word_1_179' title='bbox 719 2895 774 2961; x_wconf 81' lang='grc' dir='ltr'>καὶ</span> <span class='ocrx_word' id='word_1_180' title='bbox 792 2879 882 2983; x_wconf 68' lang='grc' dir='ltr'>Δπρὸς</span> <span class='ocrx_word' id='word_1_181' title='bbox 908 2887 1071 2984; x_wconf 74' lang='grc' dir='ltr'><strong><em>ἀλλήλους</em></strong></span> <span class='ocrx_word' id='word_1_182' title='bbox 1098 2891 1200 2966; x_wconf 73' lang='grc' dir='ltr'>κατὰ</span> <span class='ocrx_word' id='word_1_183' title='bbox 1230 2893 1275 2990; x_wconf 77' lang='lat' dir='ltr'>ed</span> 
     </span>
     <span class='ocr_line' id='line_1_23' title="bbox 127 2989 1275 3095; baseline 0 -22"><span class='ocrx_word' id='word_1_184' title='bbox 127 3009 341 3076; x_wconf 82' lang='grc' dir='ltr'><strong><em>πλεῖστον</em></strong></span> <span class='ocrx_word' id='word_1_185' title='bbox 362 3006 580 3095; x_wconf 78' lang='grc' dir='ltr'><strong><em>εἰρηνικῶς</em></strong></span> <span class='ocrx_word' id='word_1_186' title='bbox 600 3009 812 3074; x_wconf 73' lang='grc' dir='ltr'><strong><em>διακοῐοθαι“</em></strong></span> <span class='ocrx_word' id='word_1_187' title='bbox 825 3006 881 3090; x_wconf 88' lang='lat' dir='ltr'>(V,</span> <span class='ocrx_word' id='word_1_188' title='bbox 893 3007 967 3092; x_wconf 81' lang='grc'><strong>21.)</strong></span> <span class='ocrx_word' id='word_1_189' title='bbox 992 2989 1102 3073; x_wconf 80' lang='lat' dir='ltr'>sueto</span> <span class='ocrx_word' id='word_1_190' title='bbox 1120 3010 1183 3076; x_wconf 84' lang='lat' dir='ltr'>boc</span> <span class='ocrx_word' id='word_1_191' title='bbox 1199 3018 1275 3074; x_wconf 85' lang='lat' dir='ltr'>tnu-</span> 
     </span>
     <span class='ocr_line' id='line_1_24' title="bbox 125 3112 1273 3206; baseline -0.001 -21"><span class='ocrx_word' id='word_1_192' title='bbox 125 3131 199 3185; x_wconf 83' lang='lat' dir='ltr'>tum</span> <span class='ocrx_word' id='word_1_193' title='bbox 222 3122 348 3206; x_wconf 87' lang='lat' dir='ltr'>prodit:</span> <span class='ocrx_word' id='word_1_194' title='bbox 372 3126 591 3205; x_wconf 79' lang='lat' dir='ltr'>„Aurueueiut</span> <span class='ocrx_word' id='word_1_195' title='bbox 612 3121 642 3188; x_wconf 89' lang='lat' dir='ltr'>d’</span> <span class='ocrx_word' id='word_1_196' title='bbox 653 3117 719 3186; x_wconf 83' lang='grc' dir='ltr'><strong><em>εἶσὶ</em></strong></span> <span class='ocrx_word' id='word_1_197' title='bbox 732 3121 811 3206; x_wconf 80' lang='grc' dir='ltr'><strong><em>παρ’</em></strong></span> <span class='ocrx_word' id='word_1_198' title='bbox 823 3112 951 3194; x_wconf 62' lang='lat' dir='ltr'>cericeis¹¹</span> <span class='ocrx_word' id='word_1_199' title='bbox 967 3119 1038 3204; x_wconf 81' lang='lat' dir='ltr'>(IV,</span> <span class='ocrx_word' id='word_1_200' title='bbox 1051 3120 1081 3200; x_wconf 85' lang='lat'>5,</span> <span class='ocrx_word' id='word_1_201' title='bbox 1094 3123 1122 3184; x_wconf 82' lang='lat'>2.</span> <span class='ocrx_word' id='word_1_202' title='bbox 1132 3142 1164 3206; x_wconf 85' lang='lat' dir='ltr'>p.</span> <span class='ocrx_word' id='word_1_203' title='bbox 1178 3121 1273 3202; x_wconf 82' lang='grc'><strong>200.)</strong></span> 
     </span>
     <span class='ocr_line' id='line_1_25' title="bbox 125 3231 1298 3314; baseline 0 -18"><span class='ocrx_word' id='word_1_204' title='bbox 125 3235 175 3296; x_wconf 87' lang='lat' dir='ltr'>At</span> <span class='ocrx_word' id='word_1_205' title='bbox 201 3235 332 3296; x_wconf 90' lang='lat' dir='ltr'>omnino</span> <span class='ocrx_word' id='word_1_206' title='bbox 362 3255 434 3297; x_wconf 90' lang='lat' dir='ltr'>cum</span> <span class='ocrx_word' id='word_1_207' title='bbox 458 3232 574 3298; x_wconf 83' lang='lat' dir='ltr'>Tacito</span> <span class='ocrx_word' id='word_1_208' title='bbox 604 3235 745 3298; x_wconf 84' lang='lat' dir='ltr'>concinit</span> <span class='ocrx_word' id='word_1_209' title='bbox 772 3232 875 3294; x_wconf 82' lang='lat' dir='ltr'>Meta:</span> <span class='ocrx_word' id='word_1_210' title='bbox 909 3231 1041 3314; x_wconf 57' lang='lat' dir='ltr'>„Ferte</span> <span class='ocrx_word' id='word_1_211' title='bbox 1080 3231 1298 3313; x_wconf 79' lang='lat' dir='ltr'>(Britannia)-</span> 
     </span>
     <span class='ocr_line' id='line_1_26' title="bbox 127 3342 1275 3438; baseline -0.003 -28"><span class='ocrx_word' id='word_1_212' title='bbox 127 3344 469 3438; x_wconf 32' lang='lat' dir='ltr'>„populos-sepesque</span> <span class='ocrx_word' id='word_1_213' title='bbox 490 3344 765 3432; x_wconf 84' lang='lat' dir='ltr'>populorum...</span> <span class='ocrx_word' id='word_1_214' title='bbox 788 3364 903 3408; x_wconf 85' lang='lat' dir='ltr'>euuses</span> <span class='ocrx_word' id='word_1_215' title='bbox 926 3351 1036 3408; x_wconf 83' lang='lat' dir='ltr'>tumen</span> <span class='ocrx_word' id='word_1_216' title='bbox 1057 3342 1218 3407; x_wconf 90' lang='lat' dir='ltr'>bellorum</span> <span class='ocrx_word' id='word_1_217' title='bbox 1241 3353 1275 3408; x_wconf 89' lang='lat' dir='ltr'>et</span> 
     </span>
     <span class='ocr_line' id='line_1_27' title="bbox 122 3454 1274 3540; baseline -0.001 -21"><span class='ocrx_word' id='word_1_218' title='bbox 122 3455 218 3520; x_wconf 86' lang='lat' dir='ltr'>bella</span> <span class='ocrx_word' id='word_1_219' title='bbox 242 3454 438 3520; x_wconf 78' lang='lat' dir='ltr'>contrahunt</span> <span class='ocrx_word' id='word_1_220' title='bbox 464 3477 504 3520; x_wconf 84' lang='lat' dir='ltr'>ee</span> <span class='ocrx_word' id='word_1_221' title='bbox 533 3475 565 3519; x_wconf 83' lang='lat' dir='ltr'>ee</span> <span class='ocrx_word' id='word_1_222' title='bbox 580 3457 763 3540; x_wconf 75' lang='lat' dir='ltr'>frequenter</span> <span class='ocrx_word' id='word_1_223' title='bbox 789 3455 919 3521; x_wconf 76' lang='lat' dir='ltr'>invicem</span> <span class='ocrx_word' id='word_1_224' title='bbox 940 3455 1100 3536; x_wconf 75' lang='lat' dir='ltr'>infestaret,</span> <span class='ocrx_word' id='word_1_225' title='bbox 1131 3457 1274 3518; x_wconf 74' lang='lat' dir='ltr'>maxime</span> 
     </span>
     <span class='ocr_line' id='line_1_28' title="bbox 121 3565 1274 3652; baseline 0.001 -23"><span class='ocrx_word' id='word_1_226' title='bbox 121 3567 340 3652; x_wconf 80' lang='lat' dir='ltr'>imperitandi</span> <span class='ocrx_word' id='word_1_227' title='bbox 370 3567 520 3652; x_wconf 85' lang='lat' dir='ltr'>cupidine</span> <span class='ocrx_word' id='word_1_228' title='bbox 548 3567 725 3652; x_wconf 86' lang='lat' dir='ltr'>studioque</span> <span class='ocrx_word' id='word_1_229' title='bbox 758 3587 797 3630; x_wconf 83' lang='lat' dir='ltr'>ee</span> <span class='ocrx_word' id='word_1_230' title='bbox 826 3565 1012 3650; x_wconf 78' lang='lat' dir='ltr'>prolatendi</span> <span class='ocrx_word' id='word_1_231' title='bbox 1045 3585 1131 3650; x_wconf 79' lang='lat' dir='ltr'>quae</span> <span class='ocrx_word' id='word_1_232' title='bbox 1164 3568 1274 3650; x_wconf 87' lang='lat' dir='ltr'>possi-</span> 
     </span>
     <span class='ocr_line' id='line_1_29' title="bbox 121 3677 408 3764; baseline 0 -22"><span class='ocrx_word' id='word_1_233' title='bbox 121 3677 231 3742; x_wconf 86' lang='lat' dir='ltr'>dent“</span> <span class='ocrx_word' id='word_1_234' title='bbox 256 3678 331 3764; x_wconf 88' lang='lat' dir='ltr'>(III,</span> <span class='ocrx_word' id='word_1_235' title='bbox 354 3679 408 3762; x_wconf 90' lang='grc'><strong>6.).</strong></span> 
     </span>
    </p>
   </div>
   <div class='ocr_carea' id='block_1_3' title="bbox 120 3837 235 3846">
    <p class='ocr_par' dir='ltr' id='par_1_4' title="bbox 120 3837 235 3846">
     <span class='ocr_line' id='line_1_30' title="bbox 120 3837 235 3846; baseline 0 0"><span class='ocrx_word' id='word_1_236' title='bbox 120 3837 235 3846; x_wconf 70' lang='lat'><em>----—-</em></span> 
     </span>
    </p>
   </div>
   <div class='ocr_carea' id='block_1_4' title="bbox 113 3903 1335 4538">
    <p class='ocr_par' dir='ltr' id='par_1_5' title="bbox 216 3903 838 3972">
     <span class='ocr_line' id='line_1_31' title="bbox 216 3903 838 3972; baseline -0.003 -18"><span class='ocrx_word' id='word_1_237' title='bbox 216 3903 264 3972; x_wconf 84' lang='lat'>¹¹¹)</span> <span class='ocrx_word' id='word_1_238' title='bbox 281 3903 364 3972; x_wconf 76' lang='lat' dir='ltr'>nu.</span> <span class='ocrx_word' id='word_1_239' title='bbox 383 3903 432 3970; x_wconf 77' lang='grc' dir='ltr'>ιν,</span> <span class='ocrx_word' id='word_1_240' title='bbox 451 3905 492 3953; x_wconf 79' lang='grc' dir='ltr'>οι.</span> <span class='ocrx_word' id='word_1_241' title='bbox 510 3905 552 3953; x_wconf 82' lang='lat' dir='ltr'>er.</span> <span class='ocrx_word' id='word_1_242' title='bbox 572 3905 619 3966; x_wconf 81' lang='lat' dir='ltr'>ee;</span> <span class='ocrx_word' id='word_1_243' title='bbox 639 3903 673 3970; x_wconf 88' lang='lat' dir='ltr'>v,</span> <span class='ocrx_word' id='word_1_244' title='bbox 692 3904 715 3952; x_wconf 88' lang='lat' dir='ltr'>e.</span> <span class='ocrx_word' id='word_1_245' title='bbox 736 3903 768 3951; x_wconf 79' lang='lat' dir='ltr'>re</span> <span class='ocrx_word' id='word_1_246' title='bbox 786 3907 838 3952; x_wconf 70' lang='lat' dir='ltr'>ere.</span> 
     </span>
    </p>

    <p class='ocr_par' dir='ltr' id='par_1_6' title="bbox 115 3991 1335 4167">
     <span class='ocr_line' id='line_1_32' title="bbox 216 3991 1335 4070; baseline -0.003 -20"><span class='ocrx_word' id='word_1_247' title='bbox 216 3996 265 4062; x_wconf 88' lang='lat'>¹¹²)</span> <span class='ocrx_word' id='word_1_248' title='bbox 282 3997 317 4064; x_wconf 89' lang='lat' dir='ltr'>V,</span> <span class='ocrx_word' id='word_1_249' title='bbox 337 3999 383 4048; x_wconf 78' lang='lat'>21:</span> <span class='ocrx_word' id='word_1_250' title='bbox 410 3995 534 4070; x_wconf 69' lang='grc' dir='ltr'>,ζλρμαοι</span> <span class='ocrx_word' id='word_1_251' title='bbox 551 3995 614 4048; x_wconf 79' lang='grc' dir='ltr'><strong><em>κατὰ</em></strong></span> <span class='ocrx_word' id='word_1_252' title='bbox 631 3993 687 4053; x_wconf 76' lang='grc' dir='ltr'>τοὺς</span> <span class='ocrx_word' id='word_1_253' title='bbox 706 3995 830 4069; x_wconf 75' lang='grc' dir='ltr'>πολέμους</span> <span class='ocrx_word' id='word_1_254' title='bbox 847 4007 972 4068; x_wconf 77' lang='grc' dir='ltr'><strong><em>χρῶνται,</em></strong></span> <span class='ocrx_word' id='word_1_255' title='bbox 998 3992 1112 4068; x_wconf 76' lang='grc' dir='ltr'>καθάπερ</span> <span class='ocrx_word' id='word_1_256' title='bbox 1131 3991 1155 4046; x_wconf 81' lang='grc' dir='ltr'>οἱ</span> <span class='ocrx_word' id='word_1_257' title='bbox 1173 3991 1275 4048; x_wconf 76' lang='grc' dir='ltr'><strong><em>παλαιοὶ</em></strong></span> <span class='ocrx_word' id='word_1_258' title='bbox 1333 4044 1335 4047; x_wconf 90' lang='grc'><strong>.</strong></span> 
     </span>
     <span class='ocr_line' id='line_1_33' title="bbox 115 4088 1155 4167; baseline -0.004 -23"><span class='ocrx_word' id='word_1_259' title='bbox 115 4105 173 4144; x_wconf 78' lang='grc' dir='ltr'><strong><em>τῶν</em></strong></span> <span class='ocrx_word' id='word_1_260' title='bbox 190 4090 325 4167; x_wconf 75' lang='grc' dir='ltr'><strong><em>Ἑλλήνων</em></strong></span> <span class='ocrx_word' id='word_1_261' title='bbox 344 4089 426 4167; x_wconf 74' lang='grc' dir='ltr'><strong><em>ἥρωες</em></strong></span> <span class='ocrx_word' id='word_1_262' title='bbox 444 4091 469 4143; x_wconf 85' lang='grc' dir='ltr'><strong><em>ἐν</em></strong></span> <span class='ocrx_word' id='word_1_263' title='bbox 486 4099 523 4164; x_wconf 74' lang='grc' dir='ltr'>τῷ</span> <span class='ocrx_word' id='word_1_264' title='bbox 542 4093 652 4164; x_wconf 70' lang='grc' dir='ltr'>Τρωϊκῷ</span> <span class='ocrx_word' id='word_1_265' title='bbox 670 4089 771 4164; x_wconf 68' lang='grc' dir='ltr'><strong><em>πολέμῳ</em></strong></span> <span class='ocrx_word' id='word_1_266' title='bbox 791 4089 929 4165; x_wconf 70' lang='grc' dir='ltr'><strong><em>κεχρῆσθαι</em></strong></span> <span class='ocrx_word' id='word_1_267' title='bbox 947 4088 1155 4164; x_wconf 76' lang='grc' dir='ltr'><strong><em>παραδέδονται.“</em></strong></span> 
     </span>
    </p>

    <p class='ocr_par' dir='ltr' id='par_1_7' title="bbox 113 4181 1275 4538">
     <span class='ocr_line' id='line_1_34' title="bbox 217 4181 1274 4258; baseline -0.005 -17"><span class='ocrx_word' id='word_1_268' title='bbox 217 4187 262 4257; x_wconf 81' lang='lat'>¹¹¹)</span> <span class='ocrx_word' id='word_1_269' title='bbox 281 4189 322 4241; x_wconf 81' lang='lat' dir='ltr'>Os.</span> <span class='ocrx_word' id='word_1_270' title='bbox 341 4187 414 4244; x_wconf 75' lang='lat' dir='ltr'>Cass.</span> <span class='ocrx_word' id='word_1_271' title='bbox 432 4188 491 4242; x_wconf 74' lang='lat' dir='ltr'>Die</span> <span class='ocrx_word' id='word_1_272' title='bbox 508 4189 644 4253; x_wconf 85' lang='lat' dir='ltr'>LXXVI,</span> <span class='ocrx_word' id='word_1_273' title='bbox 666 4189 711 4237; x_wconf 78' lang='lat'>12:</span> <span class='ocrx_word' id='word_1_274' title='bbox 740 4185 796 4249; x_wconf 73' lang='lat' dir='ltr'>„Te</span> <span class='ocrx_word' id='word_1_275' title='bbox 816 4184 842 4238; x_wconf 77' lang='grc' dir='ltr'>δὲ</span> <span class='ocrx_word' id='word_1_276' title='bbox 861 4181 930 4240; x_wconf 81' lang='grc' dir='ltr'><strong><em>ὅπλα</em></strong></span> <span class='ocrx_word' id='word_1_277' title='bbox 948 4183 1029 4239; x_wconf 75' lang='grc' dir='ltr'><strong><em>αὐτῶν</em></strong></span> <span class='ocrx_word' id='word_1_278' title='bbox 1048 4184 1121 4244; x_wconf 78' lang='grc' dir='ltr'><strong><em>ἀσπὶς</em></strong></span> <span class='ocrx_word' id='word_1_279' title='bbox 1144 4183 1184 4239; x_wconf 80' lang='grc' dir='ltr'>καὶ</span> <span class='ocrx_word' id='word_1_280' title='bbox 1213 4181 1274 4258; x_wconf 78' lang='lat' dir='ltr'>idpu</span> 
     </span>
     <span class='ocr_line' id='line_1_35' title="bbox 115 4272 1275 4357; baseline -0.007 -22"><span class='ocrx_word' id='word_1_281' title='bbox 115 4279 226 4356; x_wconf 75' lang='grc' dir='ltr'><strong>βραχύ,</strong></span> <span class='ocrx_word' id='word_1_282' title='bbox 253 4281 332 4357; x_wconf 69' lang='grc' dir='ltr'><strong><em>μῆλον</em></strong></span> <span class='ocrx_word' id='word_1_283' title='bbox 355 4279 464 4352; x_wconf 80' lang='grc' dir='ltr'><strong><em>χαλκοῦν</em></strong></span> <span class='ocrx_word' id='word_1_284' title='bbox 489 4277 527 4331; x_wconf 81' lang='grc' dir='ltr'>ἐπ’</span> <span class='ocrx_word' id='word_1_285' title='bbox 553 4277 630 4351; x_wconf 78' lang='grc' dir='ltr'><strong><em>ἄκρου</em></strong></span> <span class='ocrx_word' id='word_1_286' title='bbox 654 4286 698 4328; x_wconf 84' lang='grc' dir='ltr'>τοῦ</span> <span class='ocrx_word' id='word_1_287' title='bbox 718 4274 837 4349; x_wconf 66' lang='lat' dir='ltr'>subpares</span> <span class='ocrx_word' id='word_1_288' title='bbox 856 4275 929 4349; x_wconf 78' lang='grc' dir='ltr'><strong><em>ἔχον,</em></strong></span> <span class='ocrx_word' id='word_1_289' title='bbox 954 4272 1015 4328; x_wconf 77' lang='grc' dir='ltr'><strong>ὥστε</strong></span> <span class='ocrx_word' id='word_1_290' title='bbox 1034 4274 1157 4347; x_wconf 69' lang='grc' dir='ltr'><strong><em>σειόμενον</em></strong></span> <span class='ocrx_word' id='word_1_291' title='bbox 1176 4283 1275 4328; x_wconf 82' lang='grc' dir='ltr'><strong><em>ιιτυπιῐν</em></strong></span> 
     </span>
     <span class='ocr_line' id='line_1_36' title="bbox 114 4362 1272 4450; baseline -0.008 -20"><span class='ocrx_word' id='word_1_292' title='bbox 114 4375 189 4450; x_wconf 84' lang='grc' dir='ltr'>πρὸς</span> <span class='ocrx_word' id='word_1_293' title='bbox 210 4373 368 4450; x_wconf 71' lang='grc' dir='ltr'><strong><em>κατάπληξιν</em></strong></span> <span class='ocrx_word' id='word_1_294' title='bbox 386 4387 434 4427; x_wconf 76' lang='grc' dir='ltr'><strong><em>τῶν</em></strong></span> <span class='ocrx_word' id='word_1_295' title='bbox 454 4371 582 4426; x_wconf 73' lang='grc' dir='ltr'><strong><em>ἐναντίων·</em></strong></span> <span class='ocrx_word' id='word_1_296' title='bbox 597 4362 648 4424; x_wconf 51' lang='lat' dir='ltr'>¹riui</span> <span class='ocrx_word' id='word_1_297' title='bbox 662 4370 680 4424; x_wconf 81' lang='grc' dir='ltr'>δ’</span> <span class='ocrx_word' id='word_1_298' title='bbox 692 4367 777 4428; x_wconf 61' lang='grc' dir='ltr'>,αὐτοῖς</span> <span class='ocrx_word' id='word_1_299' title='bbox 792 4369 832 4429; x_wconf 73' lang='lat' dir='ltr'>reni</span> <span class='ocrx_word' id='word_1_300' title='bbox 846 4369 1008 4444; x_wconf 58' lang='lat' dir='ltr'>dpxrepiitrd‘</span> <span class='ocrx_word' id='word_1_301' title='bbox 1026 4371 1067 4422; x_wconf 81' lang='lat' dir='ltr'>Oi.</span> <span class='ocrx_word' id='word_1_302' title='bbox 1077 4372 1216 4438; x_wconf 89' lang='lat' dir='ltr'>XXXIX,</span> <span class='ocrx_word' id='word_1_303' title='bbox 1228 4372 1272 4435; x_wconf 71' lang='lat'>515</span> 
     </span>
     <span class='ocr_line' id='line_1_37' title="bbox 113 4473 242 4538; baseline 0.008 -14"><span class='ocrx_word' id='word_1_304' title='bbox 113 4473 194 4538; x_wconf 87' lang='lat' dir='ltr'>XL,</span> <span class='ocrx_word' id='word_1_305' title='bbox 217 4475 242 4526; x_wconf 77' lang='lat'>³.</span> 
     </span>
    </p>
   </div>
   <div class='ocr_carea' id='block_1_5' title="bbox 729 3833 1267 3846">
    <p class='ocr_par' dir='ltr' id='par_1_8' title="bbox 729 3833 1267 3846">
     <span class='ocr_line' id='line_1_38' title="bbox 729 3833 1267 3846; baseline -0.004 -4"><span class='ocrx_word' id='word_1_306' title='bbox 729 3833 1267 3846; x_wconf 49' lang='lat' dir='ltr'>ffl-——q—m-</span> 
     </span>
    </p>
   </div>
   <div class='ocr_carea' id='block_1_6' title="bbox 0 0 1770 5374">
    <p class='ocr_par' dir='ltr' id='par_1_9' title="bbox 0 0 1770 5374">
     <span class='ocr_line' id='line_1_39' title="bbox 0 0 1770 5374; baseline 0 16"><span class='ocrx_word' id='word_1_307' title='bbox 0 0 1770 5374; x_wconf 95' lang='lat' dir='ltr'> </span> 
     </span>
    </p>
   </div>
  </div>
 </body>
</html>
