3530 5374
1272 521 1314 588 ii

262 697 357 762 Hanc
380 694 486 760 Taciti
516 697 709 760 sententiam
740 717 784 762 ex
815 696 964 763 omnibus
1004 718 1086 780 quse
1124 695 1221 763 morio
1251 715 1315 764 ex-

179 809 338 878 hibuimus
360 829 456 874 unam
481 829 517 874 re
535 811 609 894 ipsa
626 809 774 893 probari,
797 808 960 894 reliquas,
982 829 1047 901 qua
1063 829 1149 872 mmo
1165 807 1317 874 instructi

179 941 288 986 sumus
316 941 424 986 rerum
451 919 645 987 naturalium
675 921 830 1001 seientia,
859 939 973 992 omnes
1001 919 1109 990 reislli
1144 922 1221 1004 quis
1251 939 1316 987 nou

179 1031 398 1098 concesserit?
431 1028 499 1098 Sed
521 1053 563 1096 ne
586 1032 661 1098 illos
684 1031 817 1120 quidem
840 1052 969 1100 errores
991 1033 1112 1118 probro
1135 1034 1165 1098 si
1187 1039 1316 1098 vumera

178 1147 262 1210 iuste
289 1145 484 1228 poterimust
523 1165 597 1210 nam
625 1142 680 1208 vel
709 1142 888 1213 doctissimi
918 1144 1121 1228 antiquitatis
1148 1150 1316 1224 auctores,

178 1259 205 1320 si
236 1277 331 1323 unam
361 1254 402 1320 de
431 1265 540 1322 terrae
569 1256 675 1324 forma
696 1259 883 1341 opinionem
906 1259 1095 1342 exceperis,
1129 1256 1216 1322 idem
1242 1277 1316 1321 cunr

178 1363 292 1430 Tacito
315 1361 545 1430 defendebant

262 1475 401 1542 Noctem
416 1477 501 1540 enim
511 1475 632 1542 Plinius
646 1475 761 1544 eodem
776 1477 874 1544 modo
888 1497 953 1561 quo
965 1477 1099 1543 Tacitus
1113 1477 1316 1564 explicat⁶⁰).

177 1587 305 1655 Deinde
316 1595 532 1672 tempestates
544 1591 642 1654 terrie
652 1589 884 1673 montibusque
894 1593 1037 1656 maxime
1049 1589 1093 1656 ali
1109 1597 1144 1656 et
1156 1588 1316 1674 moenem)

178 1707 211 1764 et
233 1697 404 1782 Petason)
427 1717 499 1767 curn
521 1707 634 1764 nostro
658 1702 818 1785 scriptore
840 1704 1057 1768 consentiunt.

263 1809 386 1876 Terras
408 1811 544 1874 formam
567 1819 676 1875 autern
696 1811 796 1896 globo
819 1812 955 1877 similem
974 1833 1051 1880 esse
1070 1815 1166 1898 primi
1187 1813 1317 1898 Pytha-

177 1924 269 2010 gorei
284 1924 484 2014 geometriae
500 1923 679 1990 rationibus
696 1923 785 1990 ducti
803 1932 968 2010 tamquam
991 1897 1035 1994 eri
1058 1925 1144 1992 bono
1161 1934 1194 1992 et
1208 1946 1316 2010 aequo

176 2033 399 2101 iudicaverant
426 2043 460 2098 et
487 2033 564 2100 inde
588 2033 630 2098 ab
651 2034 834 2102 Aristotele
858 2057 969 2102 omnes
998 2037 1068 2104 fere
1098 2041 1155 2122 qui
1183 2039 1217 2102 in
1246 2039 1317 2104 eiua

177 2143 264 2210 modi
275 2142 391 2211 studiis
409 2144 625 2210 versabantur
641 2147 765 2232 pariter
778 2149 986 2232 accipiebant
996 2146 1054 2232 ³²);
1076 2169 1173 2232 quam
1187 2150 1317 2234 opinio·

234 2339 690 2350 -·-·—-·-*--m--o-»‹---0-—--—-—--
713 2341 757 2348 .-.·.
776 2341 822 2348 -a---.
862 2343 866 2347 .
910 2343 914 2348 .
926 2343 933 2348 ..
946 2343 949 2349 ι

246 2475 279 2542 ⁶⁹)
305 2477 337 2525 N.
348 2477 381 2524 Η.
397 2477 437 2540 11,
457 2478 497 2526 47.
517 2477 564 2526 ts:
585 2476 777 2530 „Manifestum
795 2480 838 2526 est
856 2514 861 2526 .
881 2512 887 2524 .
907 2514 912 2524 .
932 2491 1019 2542 neque
1037 2476 1112 2526 aliud
1131 2491 1192 2530 esse
1210 2481 1316 2528 noctem

177 2585 256 2636 quam
274 2572 362 2622 utros
378 2567 514 2634 mabsam
539 2567 653 2634 liguram
677 2574 767 2620 autern
793 2569 903 2619 umbrae
928 2571 1044 2620 similem
1060 2573 1145 2622 mine
1162 2583 1196 2623 oc
1214 2567 1318 2623 turbini
1377 2597 1379 2602 ·

176 2662 296 2729 intereo,
326 2662 433 2728 quando
455 2647 579 2716 matrem
601 2668 706 2715 tautum
730 2666 839 2730 ingruet
861 2679 950 2728 neque
974 2661 1055 2716 lunae
1079 2667 1196 2716 excedat
1219 2666 1317 2717 altitu·

177 2757 266 2827 qtuem
283 2796 290 2808 .
310 2795 316 2808 .
337 2741 343 2807 Ῑ
368 2772 455 2826 semro
482 2756 575 2811 lenam
596 2771 673 2828 para
699 2757 791 2811 omnio
817 2772 849 2812 ue
873 2755 1021 2811 diuturnae
1043 2756 1112 2812 lacis
1132 2758 1238 2828 pirna.¹‘
1275 2758 1315 2811 Os.

176 2851 290 2905 Eunoen.
319 2856 495 2918 „panegyrie
526 2857 553 2904 ln
577 2853 768 2905 Constantin.“
801 2868 823 2904 c.
843 2855 866 2904 9.
892 2853 965 2920 apud
992 2852 1117 2908 Wtaiem
1141 2855 1206 2921 Agr.
1225 2870 1251 2920 p.
1270 2857 1317 2918 233

176 2943 257 3001 Bada
275 2947 325 3025 eH.
344 2947 395 3000 ΔΑ·
417 2950 446 3013 1,
470 2950 492 2998 1.
511 2949 585 3013 apud
611 2949 730 3000 eundem
743 2964 777 3014 p.
796 2946 861 3012 2513
891 2964 1006 3013 quornm
1029 2955 1144 3015 uterque
1168 2951 1267 3002 breves
1290 2951 1317 2999 in

177 3041 406 3108 septentrionibus
424 3047 518 3094 noctes
537 3043 660 3096 similiter
679 3057 712 3096 ac
728 3042 833 3094 Plinius
849 3048 879 3094 et
897 3044 1009 3096 Tacitus
1028 3044 1155 3110 explieat

247 3153 281 3219 ⁷⁰)
306 3155 400 3207 Natur.
420 3159 524 3219 quaest,
543 3155 584 3228 ll,
604 3157 650 3206 13:
678 3156 798 3221 „Quaeri
821 3160 925 3222 potest,
950 3169 999 3216 nur
1016 3155 1097 3208 turbo
1114 3155 1169 3206 list.
1199 3155 1317 3208 Eventus

176 3251 204 3298 in
222 3249 377 3300 fluminibus
394 3251 480 3314 solet,
499 3255 543 3315 ut,
567 3250 695 3315 quamdiu
713 3253 771 3303 sine
789 3250 982 3316 impedimento
1001 3252 1137 3314 feruntur,
1155 3250 1272 3314 simplex
1291 3254 1319 3300 et

176 3347 280 3394 rectum
301 3342 357 3392 illis
381 3345 432 3394 iter
459 3346 507 3392 stt:
537 3325 584 3393 ubi
602 3347 772 3393 incurrerunt
796 3345 822 3391 in
840 3323 951 3406 aliquod
969 3357 1066 3392 sexum
1091 3341 1125 3392 ad
1147 3341 1220 3394 latus
1242 3346 1318 3408 ripae

176 3441 344 3502 prominens,
359 3442 577 3508 ¹retorqueantur·
595 3443 623 3488 et-
641 3441 667 3487 in
687 3421 778 3492 orbem
797 3451 882 3502 aquas
901 3440 958 3486 sine
977 3439 1053 3487 exitu
1077 3437 1202 3501 flectant,
1228 3438 1267 3486 ita
1288 3441 1319 3486 ut

177 3533 352 3583 circumlatae
364 3534 397 3581 in
415 3547 445 3583 se
463 3533 626 3584 sorbeantur
645 3537 672 3582 et
690 3517 820 3583 verticem
840 3523 968 3582 e'iticiant.
1002 3527 1048 3584 Sic
1065 3533 1168 3595 otniae,
1186 3527 1334 3600 quamdiu·

175 3623 247 3680 aaa
263 3625 381 3692 obsunt,
399 3623 472 3679 eires
487 3639 553 3680 anes
570 3623 700 3692 effendit:
718 3628 765 3678 ubi
779 3629 872 3692 aliquo
881 3621 1072 3695 promuntorio
1085 3627 1263 3691 repercussus
1277 3632 1320 3678 est

176 3726 226 3773 aut
249 3719 278 3774 et'
300 3719 418 3776 lotorum
441 3720 593 3774 coetestem
620 3725 647 3771 in
674 3723 796 3789 canalem
824 3721 960 3780 devexum
987 3727 1149 3786 tenuemque
1177 3722 1319 3785 collectus,

175 3814 286 3884 emptor
309 3814 340 3868 ἐπ
363 3829 391 3869 se
413 3815 552 3870 volutatos
576 3816 745 3880 similemque
775 3817 829 3866 illis
855 3831 921 3880 quas
946 3816 1063 3866 diximus
1089 3819 1211 3866 converti
1235 3831 1319 3879 aquas

172 3907 395 3976 factitantem,
431 3911 483 3962 Hic
501 3915 600 3962 ventus
619 3913 800 3962 circumactus
825 3917 853 3962 et
879 3911 1002 3961 eumdem
1028 3911 1150 3961 ambiens
1173 3912 1263 3960 locum
1287 3925 1320 3960 ac

131 4008 159 4048 ⁸
176 4021 207 4056 se
225 4008 285 4071 ipsa
303 4009 437 4072 vertigine
455 4011 594 4059 concitans
613 4007 692 4057 turbo
712 4011 778 4058 este

254 4119 284 4186 ⁷¹)
303 4119 335 4172 N.
354 4121 388 4172 Η.
406 4119 442 4186 Π,
462 4121 525 4171 115:
560 4118 715 4178 „Montium
732 4136 798 4172 vero
811 4119 900 4188 flexus
917 4120 1059 4184 crebrique
1077 4117 1186 4175 vertices
1204 4125 1233 4169 et
1250 4132 1319 4168 con·

175 4215 250 4266 flexa
267 4216 360 4268 cubito
379 4219 426 4267 aut
444 4216 532 4268 fracta
549 4219 576 4266 in
595 4231 703 4270 umeros
722 4214 799 4284 iupa,
818 4218 931 4267 concavi
949 4212 1061 4268 voiliam
1075 4212 1152 4267 sinam
1163 4215 1319 4266 scindentes

175 4310 371 4376 inaequalitate
389 4310 451 4377 idqo
470 4312 647 4364 resultantem
665 4325 729 4364 aera
747 4347 753 4360 .
772 4347 778 4360 .
797 4348 803 4359 .
822 4309 949 4376 sinerint
965 4313 1055 4364 ocutos
1072 4312 1226 4376 pepereram
1244 4365 1248 4370 ,

249 4422 283 4489 ⁷²)
301 4421 363 4474 Hac
380 4424 415 4474 de
432 4439 462 4476 rs
479 4425 561 4478 velim
580 4426 705 4478 conteras
723 4421 814 4480 Orcar.
833 4421 946 4478 Pseelsel.
965 4422 1148 4480 „Gescbicbte
1174 4423 1223 4478 der
1244 4425 1318 4476 Erd-

176 4519 271 4572 kunde
288 4519 332 4572 bis
348 4520 399 4572 aui
413 4519 448 4572 A.
466 4537 493 4572 v.
511 4519 665 4574 Humboldt
681 4535 707 4572 u.
727 4519 790 4576 our
808 4520 921 4574 Ritter“.
956 4521 1092 4577 Mtinobeu
1114 4520 1192 4574 rasa
1206 4536 1231 4588 p.
1251 4523 1292 4575 31.
