3530 5374
381 475 503 550 48,

382 669 498 714 socero
532 667 591 714 sno
620 649 805 714 sciscitatus
837 656 896 714 est
941 645 1010 713 Sed
1032 656 1203 714 externam
1236 651 1340 736 quasi
1364 670 1526 716 excursus

382 763 526 846 speciem
557 759 841 846 componendique
876 764 1036 826 rationem
1065 765 1094 826 si
1127 761 1389 845 consideramus,
1422 764 1526 829 libros
1615 821 1620 846 ,

385 871 538 954 Caesaris,
561 893 658 956 quem
680 895 706 937 a
731 875 797 952 11„
819 872 913 952 Liuii,
936 871 1029 936 Fabii
1053 873 1188 953 Rastia,
1223 895 1306 957 quos
1329 897 1356 938 c
1381 877 1430 938 10.
1452 878 1524 960 ipse

383 994 496 1071 aperte
518 984 639 1056 laudat.
663 987 696 1048 in
719 985 868 1049 manibus
890 987 961 1049 cius
984 985 1088 1068 fuisse
1109 987 1226 1050 merito
1238 989 1417 1069 opinamur.
1440 985 1524 1050 Nam

383 1118 425 1162 ex
449 1099 499 1177 iis,
523 1119 609 1181 quae
631 1095 718 1181 apud
742 1096 919 1161 Caesarem
941 1097 1122 1162 Diodorum
1135 1096 1331 1164 Strabonem
1342 1097 1464 1163 Melam
1482 1100 1524 1161 dc

382 1209 550 1273 Britannia
571 1207 733 1292 leguntur,
756 1208 886 1271 Livium
909 1229 1040 1291 quoque
1064 1209 1247 1274 etFabium
1264 1209 1446 1290 Rusticum.
1470 1211 1525 1273 nbi

382 1341 489 1386 rerum
512 1328 679 1407 gestarum
701 1318 815 1383 ordine
847 1321 975 1384 occasio
1011 1319 1088 1383 data
1118 1329 1224 1402 esset,
1256 1320 1299 1384 de
1325 1323 1390 1385 situ
1420 1323 1525 1385 forma

382 1430 605 1518 magnitudine
618 1433 784 1494 vicinitate
807 1430 898 1495 caelo
922 1430 992 1495 solo
1015 1431 1130 1495 incolis
1152 1431 1279 1496 insulae
1301 1432 1387 1497 illius
1410 1454 1523 1516 parurn

383 1552 480 1608 notae
503 1542 626 1625 aliquid
648 1545 814 1606 monuisse
838 1545 908 1606 sine
931 1542 997 1607 ulla
1018 1545 1203 1608 temeritate
1221 1542 1416 1609 concludere
1441 1546 1524 1608 licet.

382 1654 460 1739 Ipsa
483 1656 567 1718 eninr
579 1653 714 1719 Tacitus
736 1655 849 1735 refert,
873 1676 971 1739 quam
992 1654 1039 1719 illi
1054 1654 1243 1720 Britanniae
1258 1656 1396 1720 formam
1416 1665 1525 1720 mente

384 1769 600 1852 conceperint.
645 1766 697 1831 Ac
723 1769 784 1830 nisi
813 1769 936 1850 scripta
966 1787 1076 1832 eorum
1108 1768 1248 1836 adversa
1275 1769 1371 1834 nobis
1393 1770 1524 1833 fortuna

383 1885 496 1962 erepta
512 1886 623 1944 essent
640 1875 702 1957 ¹¹⁶),
725 1877 800 1942 inde
812 1877 900 1942 haud
912 1879 980 1942 scio
992 1900 1034 1944 an
1052 1879 1249 1944 intellecturi
1267 1883 1524 1946 simusnostrum

382 1997 549 2054 auctorem
577 1999 614 2054 ut
645 1989 797 2054 Caesaris
826 1993 873 2056 ita
901 1990 1030 2056 illorum
1053 1991 1207 2077 exemplo
1240 2013 1333 2056 usum
1367 2013 1458 2056 suam
1483 1992 1524 2056 de

383 2101 552 2169 Britannia
573 2104 791 2166 narrationem
816 2111 906 2167 certo
929 2102 1071 2187 quodam
1097 2103 1210 2169 ordine
1233 2085 1444 2190 disposuisse.

455 2237 564 2320 ‚Quas
587 2237 721 2334 Tacitus
753 2237 793 2302 de
816 2237 900 2301 caeli
925 2244 1100 2319 terraeque
1129 2245 1246 2302 natura
1274 2237 1450 2324 Agricolae
1472 2241 1525 2301 in-

383 2353 494 2432 seruit,
517 2353 580 2414 iam
603 2371 703 2434 supra
724 2351 946 2414 tractavimus.

852 2631 1057 2640 ψ

470 2870 644 2934 Historicus
659 2869 765 2935 Taciti
788 2869 830 2935 de
851 2868 1021 2936 Britannia
1040 2891 1202 2953 caumas,
1224 2891 1290 2954 quo
1306 2870 1527 2936 Romanorum

383 3004 437 3051 res
466 2981 511 3045 ibi
541 2979 727 3047 aCaesare
759 3002 863 3065 usque
894 2981 936 3046 ad
964 2981 1150 3067 Agricolam
1182 2991 1294 3070 gestas
1324 3003 1421 3065 quam
1450 2983 1528 3046 bre-

385 3095 517 3158 vissime
540 3094 767 3180 complectitur
796 3097 855 3176 (cc.
881 3092 1049 3176 13—17.),
1081 3096 1144 3156 iam
1167 3115 1187 3156 a
1215 3077 1323 3157 Werrt'o
1342 3089 1392 3176 ¹¹⁷)
1423 3096 1527 3159 fusius

385 3200 591 3270 examinatus
615 3215 683 3286 est3
708 3203 897 3270 laudavisse
918 3207 1018 3290 igitur
1041 3207 1110 3270 eius
1134 3204 1248 3268 librum
1272 3209 1352 3270 satis
1376 3208 1446 3270 erit.

470 3340 501 3406 B
530 3343 649 3425 quibus
679 3348 789 3406 autem
805 3340 954 3422 scoticas
976 3338 1110 3404 Tacitus
1140 3339 1273 3406 brevem
1303 3339 1392 3404 illam
1420 3360 1528 3404 rerum

384 3458 549 3538 gestarum
572 3454 812 3534 recensionem,
836 3471 902 3536 qua
917 3452 1055 3536 primum
1069 3471 1177 3526 rerunt
1195 3452 1364 3536 scriptoris
1373 3452 1529 3517 virtutem

385 3673 562 3737 Mcicrotio:
593 3673 841 3758 „Quaecunque
871 3672 974 3736 Iulius
997 3672 1121 3738 Cacsar
1150 3673 1192 3736 de
1214 3672 1401 3753 Britannia,
1431 3693 1528 3757 quam

1432 3863 1530 3874 α--ιι-ιι-ιο

473 3979 518 4047 ¹¹⁸)
537 3981 675 4046 Quidquid
694 3997 727 4033 ex
740 3981 819 4033 Livio
838 3984 947 4047 seimus,
965 3983 1061 4046 paucis
1078 3981 1121 4031 iris
1138 3981 1231 4033 verbis
1249 3985 1418 4034 continetur:
1440 3981 1528 4043 ,Cae-

386 4091 432 4129 sar
449 4114 455 4127 .
474 4115 506 4128 ..
533 4075 644 4130 Oecaao
668 4081 695 4128 in
711 4077 896 4143 Britanniam,
925 4079 1012 4141 primo
1039 4091 1134 4142 parum
1162 4089 1293 4142 prospare
1319 4079 1529 4142 tempestatibus

387 4173 524 4239 adversis,
542 4175 664 4238 traiecit,
689 4176 786 4223 iterum
805 4173 927 4236 felicius3
952 4186 1103 4238 magnaque
1122 4169 1294 4222 multitudine
1312 4171 1432 4222 hostium
1450 4187 1530 4223 caesa

387 4267 504 4333 aliquam
522 4273 629 4333 partem
646 4267 751 4319 insulae
768 4269 796 4317 in
813 4271 978 4332 potestatem
996 4266 1126 4330 redegitu
1162 4263 1224 4318 Lt'o.
1242 4261 1320 4333 Epir.
1339 4261 1394 4316 GV.

474 4360 519 4428 ¹¹⁷)
537 4362 603 4412 1..1.
622 4361 749 4428 Prologg.
768 4360 816 4413 IV.
852 4360 1049 4416 „Romanorum
1073 4363 1100 4410 in
1123 4358 1289 4410 Britanniam
1314 4359 1528 4424 expeditiones«

388 4471 414 4524 p.
434 4457 578 4510 leo-108.
