3484 5374
349 506 410 568 116

432 675 544 758 Atque
565 682 747 759 temporum
770 677 853 739 ratio
876 697 897 739 a
912 676 1094 759 Pomponio
1118 675 1276 751 instituta,
1299 675 1370 752 etsi,
1394 671 1483 755 quod

346 792 409 854 iarn
433 788 589 850 Baeterrae
602 785 657 868 311)
679 789 819 866 monuit,
841 786 1033 870 plerumque
1055 786 1141 854 falsa
1162 794 1229 866 est,
1258 784 1353 850 nulla,
1374 792 1484 851 tamen

345 901 593 966 ratiocinatione
625 921 760 984 prorsus
799 899 871 963 tolli
911 907 1030 984 potest
1085 899 1173 977 Quid
1206 900 1291 963 enim
1325 898 1484 964 faciamus

346 1014 520 1098 Pomponii
542 1011 663 1093 verbis,
686 1011 820 1095 quibus,
843 1031 912 1074 cunr
934 1013 972 1074 de
992 1011 1119 1093 mapalis
1139 1010 1366 1092 magistratibus
1387 1011 1484 1093 loqui·

347 1129 406 1204 tur,
428 1131 577 1207 tempora
598 1121 686 1186 haud
708 1122 835 1188 occulte
856 1122 1002 1187 indicat?

433 1235 516 1299 'l'um
539 1235 659 1298 abluto
684 1233 798 1298 eodem
817 1242 917 1317 atque
932 1235 1145 1320 aPomponio
1162 1234 1275 1299 ordine
1291 1241 1484 1317 quaestores

348 1355 425 1431 post
447 1346 595 1411 tribunos
621 1355 653 1410 et
674 1345 798 1410 aediles
820 1345 926 1430 plebis
951 1354 1081 1410 stante
1105 1345 1307 1410 decemviros
1330 1345 1486 1409 collocari

347 1461 411 1522 iarn
448 1478 547 1542 supra
584 1459 805 1542 eognovimus.
865 1457 970 1535 Quem
1009 1477 1202 1522 consensum
1241 1455 1484 1522 memorabilem

348 1569 447 1636 Senio
469 1570 515 1632 ita
538 1567 671 1634 eludere
694 1576 847 1649 conatur,
878 1575 914 1632 ut
943 1589 984 1632 ne
1007 1569 1137 1632 Livium
1160 1566 1292 1650 quidem
1320 1574 1416 1652 putet
1445 1587 1484 1634 eo

320 1723 324 1730 -
347 1703 445 1767 quem
461 1672 687 1764 quaestoribus
704 1681 856 1746 tribuerit
877 1679 950 1744 loco
973 1682 1078 1765 ipsam
1095 1680 1251 1766 originem
1264 1677 1484 1760 indicare³'²),

347 1791 407 1860 sed
430 1799 463 1856 et
484 1793 601 1876 ipsum,
623 1793 719 1854 sicuti
743 1790 1199 1874 ,Varronem-Pomponium“
1211 1835 1219 1868 ,
1243 1790 1430 1866 consulibus
1453 1799 1487 1854 et

349 1903 563 1968 dictatoribus
585 1903 731 1968 tribunos
762 1902 889 1986 plebis,
923 1901 1065 1982 aediles,
1099 1908 1291 1985 quaestores
1320 1911 1486 1986 tamquam

347 2018 488 2080 minores
510 2016 718 2099 magistratus
742 2034 908 2097 opponere
931 2013 1075 2078 voluisse
1089 2013 1154 2093 ³¹³).

435 2125 502 2192 Sed
519 2128 619 2190 missa
633 2125 800 2211 paulisper
816 2134 999 2210 temporum
1011 2129 1147 2206 ratione,
1170 2126 1258 2209 quod
1271 2128 1486 2218 Pomponium
1515 2181 1524 2194 .

348 2239 501 2304 liberae
521 2238 568 2302 ret
584 2237 724 2320 publicae
742 2238 953 2321 magistratus
970 2237 1107 2300 Varrone
1119 2244 1244 2300 uectore
1262 2239 1486 2322 composuisse

301 2365 303 2369 ·
348 2349 524 2414 affirmavit
546 2347 666 2427 Sanio,
689 2346 723 2410 id
746 2368 811 2430 quo
837 2345 933 2410 modo
957 2369 993 2411 se
1016 2347 1138 2412 habeat
1158 2348 1336 2414 videamus.
1381 2349 1486 2414 Varro

348 2463 446 2544 igitur
468 2459 612 2544 appellat
630 2443 771 2542 'primum
795 2460 1004 2543 magistratus
1018 2461 1073 2540 qui
1087 2462 1268 2523 vocationis
1286 2462 1336 2523 ius
1354 2461 1486 2540 habent,

349 2571 498 2636 consules
522 2577 556 2634 et
587 2577 714 2632 ceteros
745 2570 882 2652 imperio
911 2569 1096 2653 praedit0s;
1130 2570 1248 2635 deinde
1274 2571 1356 2636 alios
1385 2591 1487 2655 pren-

349 2683 472 2748 sionem
494 2679 616 2744 habere
640 2678 734 2758 dicit,
757 2687 794 2742 ut
815 2679 963 2744 tribunos
985 2680 1091 2764 plebis
1115 2689 1148 2744 et
1172 2703 1228 2744 eos
1251 2684 1307 2763 qui
1329 2683 1488 2744 viatorem

349 2792 508 2873 babeant3
542 2792 683 2876 denique
716 2812 777 2856 nec
811 2794 992 2858 vocationis
1027 2813 1089 2856 nec
1117 2795 1301 2876 prensionis
1332 2795 1382 2858 ius
1414 2813 1488 2858 esse

349 2912 490 2968 testatur
512 2902 740 2986 quaestoribus
764 2911 798 2966 et
820 2902 955 2985 reliquis
976 2905 1031 2985 qni
1052 2923 1114 2966 nec
1136 2901 1284 2982 lictorem
1306 2905 1488 2968 neoviato-

349 3038 418 3082 rem
440 3015 592 3082 habeant.
641 3015 806 3098 Triplicem
839 3017 919 3078 banc
947 3016 1085 3078 ordinem
1111 3035 1132 3076 c
1154 3015 1324 3098 Pomponio
1352 3016 1385 3076 tn
1416 3035 1489 3078 enc-
1590 3019 1593 3024 '

349 3131 504 3193 merendis
526 3129 640 3192 liberae
660 3128 708 3190 rei
724 3126 867 3210 publicae
888 3127 1115 3208 magistratibus
1133 3133 1301 3210 spectatam
1318 3147 1382 3191 aare
1392 3125 1488 3191 Sunio

350 3245 432 3308 dicit.
464 3225 568 3316 'Itane
595 3239 698 3304 vero?
742 3239 846 3322 Atqui
879 3261 916 3305 re
954 3260 1035 3304 vera
1064 3241 1280 3324 Pomponius,
1322 3248 1359 3304 ut
1389 3239 1488 3305 Sunio

244 3347 253 3362 “
350 3354 479 3435 laudat,
510 3351 556 3438 ἐς.
582 3353 621 3416 16
645 3371 717 3436 sqq.
744 3355 814 3438 agit
841 3349 883 3416 de
912 3350 1117 3432 consulibus,
1146 3351 1353 3432 censoribus,
1382 3351 1489 3415 dicta-

350 3467 492 3547 toribus,
525 3467 681 3551 magistro
712 3467 873 3548 equitum3
915 3472 983 3528 turn
1014 3463 1040 3549 §-
1064 3465 1105 3526 20
1132 3484 1181 3547 sq.
1211 3463 1253 3529 de
1286 3464 1424 3529 tribunis
1456 3474 1490 3530 et

349 3578 510 3644 aedilibus
533 3577 661 3663 plebis3
684 3577 824 3661 denique
847 3575 957 3662 §W-
982 3576 1032 3641 23.
1056 3575 1097 3640 dc
1119 3576 1349 3659 quaestoribus
1371 3578 1489 3640 aerarii

351 3699 385 3755 et
406 3688 579 3775 parricidii.
608 3687 770 3753 Videntur
790 3690 890 3774 igitur
903 3687 1067 3772 quadrare
1090 3689 1213 3770 omnia3
1236 3696 1271 3750 at
1287 3688 1320 3752 in
1341 3687 1489 3770 triplicem

350 3799 500 3867 fraudem
522 3800 622 3866 Senio
647 3808 697 3866 est
719 3801 883 3886 delapsus.

437 3913 580 3977 Primum
603 3917 688 3979 enim
712 3915 911 3999 Pomponius
934 3915 1141 3998 magistratus
1171 3912 1247 3978 inde
1276 3933 1296 3975 a
1324 3911 1490 3993 rupibus
1507 3945 1523 3976 s

352 4045 543 4090 enumerare
561 4027 675 4110 incipit
690 4025 717 4111 §-
733 4029 789 4090 14:
814 4025 931 4108 „Quod
953 4024 995 4089 ad
1017 4028 1226 4109 magistratus
1248 4027 1375 4106 attinet,
1397 4025 1489 4089 initio

351 4191 445 4204 q—-—-—
456 4189 1489 4200 mmm-*-

438 4307 483 4375 ΙΙΙ)
502 4310 533 4360 a.
545 4297 569 4360 ¹1.
588 4311 623 4376 11,
642 4313 665 4360 a.
684 4315 786 4360 annon.
806 4311 864 4360 me.
883 4309 941 4360 aas.

437 4403 482 4471 ²¹²)
500 4405 530 4454 n.
550 4405 567 4454 1.
587 4420 612 4470 p.
631 4408 674 4456 m.

438 4500 483 4567 ιιι)
501 4501 532 4552 n,
550 4501 567 4550 1.
586 4517 612 4566 p,
632 4503 674 4553 so.
