3484 5374
358 444 419 506 tot

355 623 455 698 atque
489 612 712 693 Beckerus²²⁶)
747 615 1057 699 ‚‚reuou0anoorqi“
1092 614 1258 679 excidisse
1292 623 1499 700 putaverunt.

357 726 424 792 Sed
446 749 522 790 num
544 725 684 790 Ioannes
707 725 822 809 Lydus
845 729 901 808 qui
930 727 1006 792 talis
1037 729 1245 792 coniecturae
1275 727 1399 794 honore
1421 727 1500 790 affi-

357 841 462 904 ciatur
485 837 604 923 dignus
626 841 679 919 eit,
702 838 754 902 hio
778 837 956 904 diiudicare
979 858 1044 903 uon
1065 839 1100 902 iu
1121 840 1264 908 animum
1286 837 1415 904 induco.

444 949 543 1029 Quod
574 948 716 1032 denique
746 949 881 1014 Tacitus
913 950 988 1036 lege
1018 948 1130 1016 Sullae
1160 951 1278 1036 viginti
1307 959 1500 1033 quaestores

356 1061 540 1146 supplendo
564 1063 691 1126 senatui
714 1070 843 1125 creatos
873 1082 948 1126 esse
977 1070 1102 1140 narrat,
1137 1059 1259 1124 nulium
1291 1082 1386 1144 quem
1419 1082 1500 1126 oon-

266 1205 269 1214 ι
355 1175 499 1238 feramus
518 1172 624 1238 locum
637 1172 725 1258 apud
745 1173 888 1256 reliquos
901 1174 1103 1256 antiquitatis
1116 1175 1293 1256 scriptores
1312 1175 1500 1258 reperimus.

357 1283 480 1349 Contra
503 1283 543 1346 de
566 1292 778 1367 quaestorum
802 1305 936 1348 numero
959 1305 979 1346 a
992 1275 1135 1348 Caesare
1154 1282 1319 1367 ampliato,
1343 1285 1434 1346 cuius
1452 1285 1501 1346 rei

357 1403 391 1460 et
413 1393 577 1458 Suetonius
590 1392 644 1471 ²⁷⁷)
669 1403 702 1458 et
727 1393 850 1458 Cassius
872 1395 934 1460 Dio
947 1392 999 1474 ²³⁸)
1023 1404 1126 1460 testes
1150 1404 1301 1476 exstant,
1323 1405 1501 1480 propterea

355 1510 500 1574 fortasse
528 1508 604 1574 silet
626 1507 779 1590 Tacitus,
815 1508 904 1592 quod
934 1507 1014 1572 illud
1043 1507 1195 1576 Caesaris
1225 1511 1407 1574 institutum
1435 1529 1501 1572 non

356 1620 493 1686 multum
516 1623 672 1706 temporis
696 1621 836 1686 duravit.

445 2017 697 2102 Comparatione
726 1995 823 2102 igitur
851 2019 937 2081 inter
965 2016 1114 2081 Tacitum
1147 2025 1343 2100 ceterosque
1371 2025 1502 2080 veteres

359 2139 512 2194 auctores
535 2131 639 2209 facta,
668 2151 733 2212 qua
756 2127 887 2213 quidem
910 2131 943 2191 in
965 2150 1001 2192 re
1024 2127 1104 2191 nihii
1128 2128 1218 2212 quod
1240 2129 1282 2192 ad
1305 2132 1409 2213 ipsam
1432 2150 1502 2191 rem

360 2244 547 2307 necessario
571 2243 734 2325 pertineat
760 2261 821 2304 nos
845 2241 992 2304 omisisse
1025 2233 1235 2320 confidimus,
1266 2238 1299 2303 id
1327 2243 1360 2302 in
1390 2241 1502 2326 primis

360 2353 467 2418 elucet
490 2345 673 2416 narratione
685 2350 792 2432 Taciti
816 2352 965 2434 quamvis
987 2349 1081 2415 brevi
1103 2349 1198 2434 plura
1216 2360 1323 2415 tamen
1340 2351 1381 2416 de
1397 2373 1502 2435 quae·
1534 2369 1537 2374 '

359 2471 469 2528 sturae
498 2463 634 2527 historia
664 2465 823 2526 contineri
846 2483 942 2544 quam
974 2462 1170 2544 reliquorum
1194 2463 1389 2548 scriptorum
1412 2465 1504 2530 libris

359 2576 511 2639 omnium.
555 2573 706 2638 Exorans
730 2575 812 2636 enim
836 2573 970 2637 Tacitus
999 2595 1019 2636 a
1046 2583 1242 2656 quaesturae
1272 2578 1396 2659 origine
1424 2575 1501 2639 inde

358 2705 378 2749 a
410 2707 523 2770 regum
558 2693 667 2749 aetate
699 2706 803 2768 usque
836 2685 879 2749 ad
911 2707 970 2750 sna
1002 2694 1151 2770 tempora
1185 2677 1395 2772 gravissimas
1430 2691 1501 2752 eius

359 2798 570 2881 magistratus
593 2796 834 2862 vicissitudines
856 2800 969 2882 paucis
992 2798 1197 2862 lineamentis
1209 2798 1392 2864 adumbrat.
1415 2799 1500 2863 Tum

359 2910 440 2972 haec
473 2916 669 2991 quaesturae
700 2911 807 2992 imago
837 2909 908 2972 fere
942 2915 1012 2973 tota
1034 2909 1141 2972 Taciti
1169 2912 1302 2994 propria
1330 2920 1430 2994 atque
1458 2911 1500 2975 ab

358 3019 429 3084 aliis
453 3019 691 3084 narrationibus
715 3018 846 3084 diversa
870 3027 929 3084 est.
964 3022 1057 3099 Quae
1081 3042 1153 3085 cum
1176 3024 1222 3085 ita
1244 3025 1322 3104 sint,
1344 3023 1501 3107 numquid

357 3132 433 3195 inde
450 3131 640 3217 colligamus
657 3153 815 3195 summum
830 3151 938 3194 rerum
953 3135 1144 3217 scriptorem
1161 3155 1276 3218 parum
1296 3135 1500 3199 intellexisse

357 3235 499 3327 priscam
528 3245 575 3306 rei
604 3240 756 3326 publicae
784 3239 953 3307 Romanae
984 3243 1147 3307 formam?
1191 3243 1279 3309 Sane
1309 3245 1501 3331 dignissima

359 3363 409 3418 est
433 3375 472 3418 ea
495 3357 645 3437 quaestio
669 3374 765 3437 quam
789 3352 977 3438 diligentins
1001 3357 1233 3420 examinemus.

445 3465 497 3530 Ac
519 3469 657 3550 primum
682 3465 814 3550 quidem
837 3468 898 3530 viri
920 3464 1011 3531 docti
1041 3466 1292 3532 offendebantur
1320 3467 1408 3552 qnod
1432 3469 1500 3533 Ta-

360 3582 442 3644 citus
463 3601 504 3644 ne
528 3579 595 3643 ullo
618 3577 749 3663 quidem
771 3580 874 3644 verbo
902 3582 1066 3664 attigisset
1095 3588 1289 3663 quaestores
1318 3581 1499 3666 parricidii3

358 3713 442 3776 quos
465 3699 563 3772 certe,
589 3693 616 3755 si
638 3693 795 3771 novisset,
818 3691 921 3756 fuisse
943 3692 991 3754 illi
1013 3689 1388 3776 commemorandos²²⁹t

445 3802 513 3868 Sed
536 3803 732 3867 brevissima
754 3802 862 3866 Taciti
886 3806 1071 3868 narratione
1095 3805 1190 3886 quasi
1213 3813 1351 3868 externa
1373 3813 1498 3870 tantum

360 3923 556 3999 quaesturae
579 3915 717 3980 historia
747 3916 930 3979 continetur
963 3916 1051 3993 sive,
1081 3923 1117 3978 nt
1140 3915 1259 3980 clarius
1282 3916 1416 4002 loquar,
1447 3919 1500 3978 vi·

361 4077 463 4086 —-—-——

444 4160 490 4225 ²⁷⁸)
508 4159 539 4209 11·
558 4160 575 4208 l.
594 4159 630 4224 11,
649 4161 674 4223 2,
693 4161 752 4210 340.

447 4255 492 4320 ²⁷¹)
510 4253 588 4305 Caes.
607 4256 649 4304 tl.
670 4260 862 4320 „quaestorum
882 4291 888 4302 .
907 4292 914 4303 .
934 4292 940 4303 .
959 4270 1099 4306 numerum
1118 4256 1287 4321 ampliavit“

446 4349 492 4413 ²²⁸)
509 4348 612 4413 XLIII,
631 4349 663 4398 tr
673 4365 678 4395 :
698 4343 801 4420 ,pupius
818 4365 844 4399 ra
862 4345 1044 4420 τεσσαράκοντα
1062 4344 1274 4422 ἀπεδείχθησαν.“

447 4441 492 4508 ²²⁰)
512 4439 681 4495 nauatam
699 4443 717 4492 1.
736 4443 753 4492 1.
772 4443 793 4508 1,
813 4443 872 4494 aaa.
