<?xml version="1.0" encoding="UTF-8"?>
<!DOCTYPE html PUBLIC "-//W3C//DTD XHTML 1.0 Transitional//EN"
    "http://www.w3.org/TR/xhtml1/DTD/xhtml1-transitional.dtd">
<html xmlns="http://www.w3.org/1999/xhtml" xml:lang="en" lang="en">
 <head>
  <title>
</title>
<meta http-equiv="Content-Type" content="text/html;charset=utf-8" />
  <meta name='ocr-system' content='tesseract 3.04.00' />
  <meta name='ocr-capabilities' content='ocr_page ocr_carea ocr_par ocr_line ocrx_word'/>
</head>
<body>
  <div class='ocr_page' id='page_1' title='image "./dedoctrinatacit00liebgoog_0110.png"; bbox 0 0 3484 5374; ppageno 0'>
   <div class='ocr_carea' id='block_1_1' title="bbox 373 475 434 542">
    <p class='ocr_par' dir='ltr' id='par_1_1' title="bbox 373 475 434 542">
     <span class='ocr_line' id='line_1_1' title="bbox 373 475 434 542; baseline 0.033 -3"><span class='ocrx_word' id='word_1_1' title='bbox 373 475 434 542; x_wconf 75' lang='lat'><strong>102</strong></span> 
     </span>
    </p>
   </div>
   <div class='ocr_carea' id='block_1_2' title="bbox 359 652 1520 4094">
    <p class='ocr_par' dir='ltr' id='par_1_2' title="bbox 359 652 1514 850">
     <span class='ocr_line' id='line_1_2' title="bbox 372 652 1514 739; baseline 0.003 -26"><span class='ocrx_word' id='word_1_2' title='bbox 372 652 524 734; x_wconf 86' lang='lat' dir='ltr'><strong>Pompilii</strong></span> <span class='ocrx_word' id='word_1_3' title='bbox 546 657 645 738; x_wconf 78' lang='lat' dir='ltr'><strong>regis,</strong></span> <span class='ocrx_word' id='word_1_4' title='bbox 669 655 719 718; x_wconf 89' lang='lat' dir='ltr'><strong>his</strong></span> <span class='ocrx_word' id='word_1_5' title='bbox 742 659 922 739; x_wconf 86' lang='lat' dir='ltr'><strong>compositu</strong></span> <span class='ocrx_word' id='word_1_6' title='bbox 944 655 1070 719; x_wconf 81' lang='lat' dir='ltr'><strong>uerbis:</strong></span> <span class='ocrx_word' id='word_1_7' title='bbox 1096 655 1185 736; x_wconf 62' lang='lat' dir='ltr'><strong>„Si</strong></span> <span class='ocrx_word' id='word_1_8' title='bbox 1202 656 1363 718; x_wconf 83' lang='lat' dir='ltr'><strong>hominem</strong></span> <span class='ocrx_word' id='word_1_9' title='bbox 1376 653 1514 717; x_wconf 89' lang='lat' dir='ltr'><strong>liberum</strong></span> 
     </span>
     <span class='ocr_line' id='line_1_3' title="bbox 359 759 1211 850; baseline 0.004 -25"><span class='ocrx_word' id='word_1_10' title='bbox 359 759 449 826; x_wconf 77' lang='lat' dir='ltr'><strong>&#39;dolo</strong></span> <span class='ocrx_word' id='word_1_11' title='bbox 472 767 578 830; x_wconf 88' lang='lat' dir='ltr'><strong>sciens</strong></span> <span class='ocrx_word' id='word_1_12' title='bbox 600 769 698 830; x_wconf 90' lang='lat' dir='ltr'><strong>morti</strong></span> <span class='ocrx_word' id='word_1_13' title='bbox 719 766 799 846; x_wconf 82' lang='lat' dir='ltr'><strong>duit,</strong></span> <span class='ocrx_word' id='word_1_14' title='bbox 822 768 984 850; x_wconf 88' lang='lat' dir='ltr'><strong>paricidas</strong></span> <span class='ocrx_word' id='word_1_15' title='bbox 1007 767 1104 830; x_wconf 79' lang='lat' dir='ltr'><strong>esto“</strong></span> <span class='ocrx_word' id='word_1_16' title='bbox 1118 767 1135 803; x_wconf 87' lang='lat'>“</span> <span class='ocrx_word' id='word_1_17' title='bbox 1148 765 1211 843; x_wconf 76' lang='lat'><strong>²⁶³).</strong></span> 
     </span>
    </p>

    <p class='ocr_par' dir='ltr' id='par_1_3' title="bbox 372 876 1517 1859">
     <span class='ocr_line' id='line_1_4' title="bbox 461 876 1517 969; baseline -0.004 -25"><span class='ocrx_word' id='word_1_18' title='bbox 461 876 529 944; x_wconf 86' lang='lat' dir='ltr'><strong>Sed</strong></span> <span class='ocrx_word' id='word_1_19' title='bbox 541 877 713 942; x_wconf 79' lang='lat' dir='ltr'><strong>redeamus</strong></span> <span class='ocrx_word' id='word_1_20' title='bbox 724 877 766 942; x_wconf 90' lang='lat' dir='ltr'><strong>ad</strong></span> <span class='ocrx_word' id='word_1_21' title='bbox 776 877 882 969; x_wconf 82' lang='lat' dir='ltr'><strong>Taciti</strong></span> <span class='ocrx_word' id='word_1_22' title='bbox 898 881 1125 943; x_wconf 81' lang='lat' dir='ltr'><strong>narrationem.</strong></span> <span class='ocrx_word' id='word_1_23' title='bbox 1148 877 1403 942; x_wconf 77' lang='lat' dir='ltr'><strong>Acouratissime</strong></span> <span class='ocrx_word' id='word_1_24' title='bbox 1415 881 1517 964; x_wconf 84' lang='lat' dir='ltr'><strong>igitur</strong></span> 
     </span>
     <span class='ocr_line' id='line_1_5' title="bbox 372 988 1516 1075; baseline -0.002 -19"><span class='ocrx_word' id='word_1_25' title='bbox 372 994 400 1056; x_wconf 90' lang='lat' dir='ltr'><strong>is</strong></span> <span class='ocrx_word' id='word_1_26' title='bbox 423 1013 541 1056; x_wconf 89' lang='lat' dir='ltr'><strong>annum</strong></span> <span class='ocrx_word' id='word_1_27' title='bbox 564 991 637 1054; x_wconf 79' lang='lat'><strong>447.</strong></span> <span class='ocrx_word' id='word_1_28' title='bbox 660 1011 688 1052; x_wconf 87' lang='lat' dir='ltr'><strong>a.</strong></span> <span class='ocrx_word' id='word_1_29' title='bbox 712 988 788 1053; x_wconf 82' lang='lat' dir='ltr'><strong>Chr.</strong></span> <span class='ocrx_word' id='word_1_30' title='bbox 810 990 948 1070; x_wconf 82' lang='lat' dir='ltr'><strong>indicat,</strong></span> <span class='ocrx_word' id='word_1_31' title='bbox 983 1001 1026 1054; x_wconf 81' lang='lat' dir='ltr'><strong>ex</strong></span> <span class='ocrx_word' id='word_1_32' title='bbox 1050 1011 1115 1075; x_wconf 91' lang='lat' dir='ltr'><strong>quo</strong></span> <span class='ocrx_word' id='word_1_33' title='bbox 1139 993 1333 1074; x_wconf 83' lang='lat' dir='ltr'><strong>quaestores</strong></span> <span class='ocrx_word' id='word_1_34' title='bbox 1363 993 1426 1054; x_wconf 87' lang='lat' dir='ltr'><strong>iam</strong></span> <span class='ocrx_word' id='word_1_35' title='bbox 1448 1011 1516 1054; x_wconf 90' lang='lat' dir='ltr'><strong>non</strong></span> 
     </span>
     <span class='ocr_line' id='line_1_6' title="bbox 373 1103 1515 1188; baseline -0.001 -21"><span class='ocrx_word' id='word_1_36' title='bbox 373 1125 392 1167; x_wconf 87' lang='lat' dir='ltr'><strong>a</strong></span> <span class='ocrx_word' id='word_1_37' title='bbox 415 1103 602 1168; x_wconf 89' lang='lat' dir='ltr'><strong>consulibus</strong></span> <span class='ocrx_word' id='word_1_38' title='bbox 625 1103 684 1167; x_wconf 90' lang='lat' dir='ltr'><strong>sed</strong></span> <span class='ocrx_word' id='word_1_39' title='bbox 706 1125 727 1166; x_wconf 89' lang='lat' dir='ltr'><strong>a</strong></span> <span class='ocrx_word' id='word_1_40' title='bbox 748 1104 871 1188; x_wconf 91' lang='lat' dir='ltr'><strong>populo</strong></span> <span class='ocrx_word' id='word_1_41' title='bbox 895 1107 997 1168; x_wconf 85' lang='lat' dir='ltr'><strong>creati</strong></span> <span class='ocrx_word' id='word_1_42' title='bbox 1019 1107 1100 1186; x_wconf 81' lang='lat' dir='ltr'><strong>sint3</strong></span> <span class='ocrx_word' id='word_1_43' title='bbox 1123 1105 1311 1167; x_wconf 87' lang='lat' dir='ltr'><strong>nominatim</strong></span> <span class='ocrx_word' id='word_1_44' title='bbox 1333 1103 1420 1168; x_wconf 87' lang='lat' dir='ltr'><strong>illius</strong></span> <span class='ocrx_word' id='word_1_45' title='bbox 1439 1107 1515 1167; x_wconf 89' lang='lat' dir='ltr'><strong>anni</strong></span> 
     </span>
     <span class='ocr_line' id='line_1_7' title="bbox 373 1213 1515 1299; baseline -0.001 -21"><span class='ocrx_word' id='word_1_46' title='bbox 373 1221 566 1298; x_wconf 78' lang='lat' dir='ltr'><strong>quaestores</strong></span> <span class='ocrx_word' id='word_1_47' title='bbox 589 1215 734 1299; x_wconf 86' lang='lat' dir='ltr'><strong>appellat</strong></span> <span class='ocrx_word' id='word_1_48' title='bbox 757 1213 924 1278; x_wconf 88' lang='lat' dir='ltr'><strong>Valerium</strong></span> <span class='ocrx_word' id='word_1_49' title='bbox 947 1216 1093 1278; x_wconf 87' lang='lat' dir='ltr'><strong>Potitum</strong></span> <span class='ocrx_word' id='word_1_50' title='bbox 1118 1222 1151 1278; x_wconf 90' lang='lat' dir='ltr'><strong>st</strong></span> <span class='ocrx_word' id='word_1_51' title='bbox 1172 1215 1348 1279; x_wconf 88' lang='lat' dir='ltr'><strong>Aemilium</strong></span> <span class='ocrx_word' id='word_1_52' title='bbox 1367 1215 1515 1278; x_wconf 89' lang='lat' dir='ltr'><strong>Mamer-</strong></span> 
     </span>
     <span class='ocr_line' id='line_1_8' title="bbox 373 1325 1515 1408; baseline -0.002 -18"><span class='ocrx_word' id='word_1_53' title='bbox 373 1348 462 1408; x_wconf 80' lang='lat' dir='ltr'><strong>cum3</strong></span> <span class='ocrx_word' id='word_1_54' title='bbox 497 1328 561 1391; x_wconf 86' lang='lat' dir='ltr'><strong>hoc</strong></span> <span class='ocrx_word' id='word_1_55' title='bbox 593 1347 704 1390; x_wconf 87' lang='lat' dir='ltr'><strong>eorum</strong></span> <span class='ocrx_word' id='word_1_56' title='bbox 734 1347 850 1390; x_wconf 88' lang='lat' dir='ltr'><strong>munus</strong></span> <span class='ocrx_word' id='word_1_57' title='bbox 881 1328 983 1390; x_wconf 83' lang='lat' dir='ltr'><strong>fuisse</strong></span> <span class='ocrx_word' id='word_1_58' title='bbox 1018 1327 1137 1404; x_wconf 71' lang='lat' dir='ltr'><strong>refert,</strong></span> <span class='ocrx_word' id='word_1_59' title='bbox 1170 1335 1207 1389; x_wconf 87' lang='lat' dir='ltr'><strong>ut</strong></span> <span class='ocrx_word' id='word_1_60' title='bbox 1240 1347 1308 1390; x_wconf 90' lang='lat' dir='ltr'><strong>rem</strong></span> <span class='ocrx_word' id='word_1_61' title='bbox 1343 1325 1515 1390; x_wconf 88' lang='lat' dir='ltr'><strong>militarem</strong></span> 
     </span>
     <span class='ocr_line' id='line_1_9' title="bbox 373 1423 1515 1524; baseline -0.002 -22"><span class='ocrx_word' id='word_1_62' title='bbox 373 1441 613 1504; x_wconf 68' lang='lat' dir='ltr'><strong>comitarentur.</strong></span> <span class='ocrx_word' id='word_1_63' title='bbox 658 1439 744 1502; x_wconf 86' lang='lat' dir='ltr'><strong>Dein</strong></span> <span class='ocrx_word' id='word_1_64' title='bbox 766 1438 979 1523; x_wconf 82' lang='lat' dir='ltr'><strong>gliscentibus</strong></span> <span class='ocrx_word' id='word_1_65' title='bbox 1000 1439 1142 1524; x_wconf 84' lang='lat' dir='ltr'><strong>negotiis</strong></span> <span class='ocrx_word' id='word_1_66' title='bbox 1167 1423 1251 1502; x_wconf 85' lang='lat' dir='ltr'><strong>duos</strong></span> <span class='ocrx_word' id='word_1_67' title='bbox 1280 1436 1410 1502; x_wconf 86' lang='lat' dir='ltr'><strong>additos</strong></span> <span class='ocrx_word' id='word_1_68' title='bbox 1441 1457 1515 1501; x_wconf 89' lang='lat' dir='ltr'><strong>esse</strong></span> 
     </span>
     <span class='ocr_line' id='line_1_10' title="bbox 373 1549 1517 1636; baseline -0.002 -22"><span class='ocrx_word' id='word_1_69' title='bbox 373 1553 430 1634; x_wconf 91' lang='lat' dir='ltr'><strong>qui</strong></span> <span class='ocrx_word' id='word_1_70' title='bbox 441 1550 567 1615; x_wconf 86' lang='lat' dir='ltr'><strong>Romae</strong></span> <span class='ocrx_word' id='word_1_71' title='bbox 588 1558 753 1631; x_wconf 81' lang='lat' dir='ltr'><strong>curarent3</strong></span> <span class='ocrx_word' id='word_1_72' title='bbox 776 1571 854 1613; x_wconf 86' lang='lat' dir='ltr'><strong>mox</strong></span> <span class='ocrx_word' id='word_1_73' title='bbox 878 1549 1078 1636; x_wconf 85' lang='lat' dir='ltr'><strong>duplicatum</strong></span> <span class='ocrx_word' id='word_1_74' title='bbox 1102 1571 1280 1628; x_wconf 75' lang='lat' dir='ltr'><strong>numerum,</strong></span> <span class='ocrx_word' id='word_1_75' title='bbox 1304 1549 1517 1634; x_wconf 86' lang='lat' dir='ltr'><strong>stipendiaria</strong></span> 
     </span>
     <span class='ocr_line' id='line_1_11' title="bbox 373 1661 1516 1746; baseline -0.002 -20"><span class='ocrx_word' id='word_1_76' title='bbox 373 1667 437 1727; x_wconf 89' lang='lat' dir='ltr'><strong>iam</strong></span> <span class='ocrx_word' id='word_1_77' title='bbox 460 1663 556 1727; x_wconf 86' lang='lat' dir='ltr'><strong>Italia</strong></span> <span class='ocrx_word' id='word_1_78' title='bbox 585 1670 618 1726; x_wconf 90' lang='lat' dir='ltr'><strong>et</strong></span> <span class='ocrx_word' id='word_1_79' title='bbox 646 1661 877 1727; x_wconf 82' lang='lat' dir='ltr'><strong>accedentibus</strong></span> <span class='ocrx_word' id='word_1_80' title='bbox 906 1664 1148 1746; x_wconf 85' lang='lat' dir='ltr'><strong>provinciarum</strong></span> <span class='ocrx_word' id='word_1_81' title='bbox 1175 1661 1408 1746; x_wconf 81' lang='lat' dir='ltr'><strong>vectigalibus3</strong></span> <span class='ocrx_word' id='word_1_82' title='bbox 1439 1669 1516 1746; x_wconf 87' lang='lat' dir='ltr'><strong>post</strong></span> 
     </span>
     <span class='ocr_line' id='line_1_12' title="bbox 373 1772 1265 1859; baseline -0.003 -22"><span class='ocrx_word' id='word_1_83' title='bbox 373 1775 467 1858; x_wconf 87' lang='lat' dir='ltr'><strong>lagae</strong></span> <span class='ocrx_word' id='word_1_84' title='bbox 491 1773 602 1838; x_wconf 84' lang='lat' dir='ltr'><strong>Sullae</strong></span> <span class='ocrx_word' id='word_1_85' title='bbox 626 1777 742 1859; x_wconf 87' lang='lat' dir='ltr'><strong>viginti</strong></span> <span class='ocrx_word' id='word_1_86' title='bbox 765 1781 895 1838; x_wconf 88' lang='lat' dir='ltr'><strong>creatos</strong></span> <span class='ocrx_word' id='word_1_87' title='bbox 915 1772 1102 1857; x_wconf 86' lang='lat' dir='ltr'><strong>supplendo</strong></span> <span class='ocrx_word' id='word_1_88' title='bbox 1127 1777 1265 1838; x_wconf 84' lang='lat' dir='ltr'><strong>senatui.</strong></span> 
     </span>
    </p>

    <p class='ocr_par' dir='ltr' id='par_1_4' title="bbox 369 1884 1519 2974">
     <span class='ocr_line' id='line_1_13' title="bbox 460 1884 1514 1967; baseline 0.002 -19"><span class='ocrx_word' id='word_1_89' title='bbox 460 1884 542 1948; x_wconf 85' lang='lat' dir='ltr'><strong>Cum</strong></span> <span class='ocrx_word' id='word_1_90' title='bbox 574 1893 686 1948; x_wconf 86' lang='lat' dir='ltr'><strong>nostro</strong></span> <span class='ocrx_word' id='word_1_91' title='bbox 714 1902 822 1947; x_wconf 91' lang='lat' dir='ltr'><strong>rerum</strong></span> <span class='ocrx_word' id='word_1_92' title='bbox 855 1887 1032 1967; x_wconf 82' lang='lat' dir='ltr'><strong>scriptore,</strong></span> <span class='ocrx_word' id='word_1_93' title='bbox 1068 1905 1153 1966; x_wconf 89' lang='lat' dir='ltr'><strong>quac</strong></span> <span class='ocrx_word' id='word_1_94' title='bbox 1176 1884 1281 1947; x_wconf 76' lang='lat' dir='ltr'><strong>Lirim</strong></span> <span class='ocrx_word' id='word_1_95' title='bbox 1310 1884 1351 1948; x_wconf 91' lang='lat' dir='ltr'><strong>de</strong></span> <span class='ocrx_word' id='word_1_96' title='bbox 1380 1906 1514 1950; x_wconf 87' lang='lat' dir='ltr'><strong>numero</strong></span> 
     </span>
     <span class='ocr_line' id='line_1_14' title="bbox 374 1974 1516 2082; baseline -0.002 -20"><span class='ocrx_word' id='word_1_97' title='bbox 374 2004 585 2082; x_wconf 79' lang='lat' dir='ltr'><strong>quaestorum</strong></span> <span class='ocrx_word' id='word_1_98' title='bbox 608 2004 703 2058; x_wconf 86' lang='lat' dir='ltr'><strong>aucto</strong></span> <span class='ocrx_word' id='word_1_99' title='bbox 726 1995 862 2076; x_wconf 84' lang='lat' dir='ltr'><strong>rettulit,</strong></span> <span class='ocrx_word' id='word_1_100' title='bbox 885 2016 1019 2081; x_wconf 89' lang='lat' dir='ltr'><strong>prorsus</strong></span> <span class='ocrx_word' id='word_1_101' title='bbox 1043 2005 1209 2078; x_wconf 88' lang='lat' dir='ltr'><strong>nequeunt</strong></span> <span class='ocrx_word' id='word_1_102' title='bbox 1226 1974 1411 2079; x_wconf 83' lang='lat' dir='ltr'><strong>conciliari;</strong></span> <span class='ocrx_word' id='word_1_103' title='bbox 1434 1997 1516 2060; x_wconf 89' lang='lat' dir='ltr'><strong>haec</strong></span> 
     </span>
     <span class='ocr_line' id='line_1_15' title="bbox 374 2103 1516 2194; baseline -0.004 -18"><span class='ocrx_word' id='word_1_104' title='bbox 374 2113 459 2176; x_wconf 87' lang='lat' dir='ltr'><strong>anim</strong></span> <span class='ocrx_word' id='word_1_105' title='bbox 483 2118 558 2174; x_wconf 87' lang='lat' dir='ltr'><strong>sunt</strong></span> <span class='ocrx_word' id='word_1_106' title='bbox 581 2111 649 2174; x_wconf 88' lang='lat' dir='ltr'><strong>aius</strong></span> <span class='ocrx_word' id='word_1_107' title='bbox 672 2105 774 2172; x_wconf 87' lang='lat' dir='ltr'><strong>verba</strong></span> <span class='ocrx_word' id='word_1_108' title='bbox 788 2106 861 2190; x_wconf 49' lang='grc' dir='ltr'><strong>πῆς</strong></span> <span class='ocrx_word' id='word_1_109' title='bbox 886 2107 943 2191; x_wconf 89' lang='lat' dir='ltr'><strong>„In</strong></span> <span class='ocrx_word' id='word_1_110' title='bbox 966 2108 1047 2172; x_wconf 87' lang='lat' dir='ltr'><strong>urbe</strong></span> <span class='ocrx_word' id='word_1_111' title='bbox 1066 2127 1109 2172; x_wconf 86' lang='lat' dir='ltr'><strong>ex</strong></span> <span class='ocrx_word' id='word_1_112' title='bbox 1130 2103 1306 2191; x_wconf 78' lang='lat' dir='ltr'><strong>tranquillo</strong></span> <span class='ocrx_word' id='word_1_113' title='bbox 1320 2112 1516 2194; x_wconf 86' lang='lat' dir='ltr'><strong>necopinata</strong></span> 
     </span>
     <span class='ocr_line' id='line_1_16' title="bbox 374 2220 1517 2306; baseline -0.001 -21"><span class='ocrx_word' id='word_1_114' title='bbox 374 2222 477 2286; x_wconf 87' lang='lat' dir='ltr'><strong>moles</strong></span> <span class='ocrx_word' id='word_1_115' title='bbox 496 2221 730 2288; x_wconf 82' lang='lat' dir='ltr'><strong>discordiarum</strong></span> <span class='ocrx_word' id='word_1_116' title='bbox 750 2222 834 2284; x_wconf 85' lang='lat' dir='ltr'><strong>inter</strong></span> <span class='ocrx_word' id='word_1_117' title='bbox 852 2220 981 2304; x_wconf 80' lang='lat' dir='ltr'><strong>plebem</strong></span> <span class='ocrx_word' id='word_1_118' title='bbox 995 2241 1034 2284; x_wconf 90' lang='lat' dir='ltr'><strong>ac</strong></span> <span class='ocrx_word' id='word_1_119' title='bbox 1048 2229 1161 2306; x_wconf 85' lang='lat' dir='ltr'><strong>patres</strong></span> <span class='ocrx_word' id='word_1_120' title='bbox 1177 2228 1293 2284; x_wconf 88' lang='lat' dir='ltr'><strong>exorta</strong></span> <span class='ocrx_word' id='word_1_121' title='bbox 1312 2229 1374 2303; x_wconf 85' lang='lat' dir='ltr'><strong>cst,</strong></span> <span class='ocrx_word' id='word_1_122' title='bbox 1398 2231 1517 2306; x_wconf 87' lang='lat' dir='ltr'><strong>coepta</strong></span> 
     </span>
     <span class='ocr_line' id='line_1_17' title="bbox 375 2332 1517 2418; baseline -0.003 -21"><span class='ocrx_word' id='word_1_123' title='bbox 375 2335 416 2398; x_wconf 89' lang='lat' dir='ltr'><strong>ab</strong></span> <span class='ocrx_word' id='word_1_124' title='bbox 451 2332 646 2418; x_wconf 89' lang='lat' dir='ltr'><strong>duplicando</strong></span> <span class='ocrx_word' id='word_1_125' title='bbox 686 2340 895 2415; x_wconf 78' lang='lat' dir='ltr'><strong>quaestorum</strong></span> <span class='ocrx_word' id='word_1_126' title='bbox 924 2353 1068 2396; x_wconf 89' lang='lat' dir='ltr'><strong>numero.</strong></span> <span class='ocrx_word' id='word_1_127' title='bbox 1099 2353 1196 2414; x_wconf 90' lang='lat' dir='ltr'><strong>quam</strong></span> <span class='ocrx_word' id='word_1_128' title='bbox 1223 2351 1290 2395; x_wconf 91' lang='lat' dir='ltr'><strong>rem</strong></span> <span class='ocrx_word' id='word_1_129' title='bbox 1322 2369 1359 2378; x_wconf 85' lang='lat'><strong>-</strong></span> <span class='ocrx_word' id='word_1_130' title='bbox 1385 2341 1517 2417; x_wconf 85' lang='lat' dir='ltr'><strong>praeter</strong></span> 
     </span>
     <span class='ocr_line' id='line_1_18' title="bbox 375 2437 1518 2528; baseline -0.001 -19"><span class='ocrx_word' id='word_1_131' title='bbox 375 2445 457 2510; x_wconf 92' lang='lat' dir='ltr'><strong>duos</strong></span> <span class='ocrx_word' id='word_1_132' title='bbox 486 2447 627 2509; x_wconf 87' lang='lat' dir='ltr'><strong>urbanos</strong></span> <span class='ocrx_word' id='word_1_133' title='bbox 659 2453 853 2528; x_wconf 81' lang='lat' dir='ltr'><strong>quaestores</strong></span> <span class='ocrx_word' id='word_1_134' title='bbox 884 2443 948 2506; x_wconf 91' lang='lat' dir='ltr'><strong>duo</strong></span> <span class='ocrx_word' id='word_1_135' title='bbox 980 2451 1016 2506; x_wconf 88' lang='lat' dir='ltr'><strong>ut</strong></span> <span class='ocrx_word' id='word_1_136' title='bbox 1048 2437 1236 2508; x_wconf 84' lang='lat' dir='ltr'><strong>consulibus</strong></span> <span class='ocrx_word' id='word_1_137' title='bbox 1268 2443 1312 2508; x_wconf 85' lang='lat' dir='ltr'><strong>ad</strong></span> <span class='ocrx_word' id='word_1_138' title='bbox 1339 2446 1518 2508; x_wconf 87' lang='lat' dir='ltr'><strong>ministeria</strong></span> 
     </span>
     <span class='ocr_line' id='line_1_19' title="bbox 369 2552 1517 2640; baseline -0.003 -18"><span class='ocrx_word' id='word_1_139' title='bbox 369 2556 453 2630; x_wconf 78' lang='lat' dir='ltr'><strong>&#39;belli</strong></span> <span class='ocrx_word' id='word_1_140' title='bbox 476 2564 609 2640; x_wconf 87' lang='lat' dir='ltr'><strong>praesto</strong></span> <span class='ocrx_word' id='word_1_141' title='bbox 633 2563 743 2619; x_wconf 90' lang='lat' dir='ltr'><strong>essent</strong></span> <span class='ocrx_word' id='word_1_142' title='bbox 766 2589 807 2600; x_wconf 86' lang='lat'><strong>-·</strong></span> <span class='ocrx_word' id='word_1_143' title='bbox 830 2575 849 2616; x_wconf 83' lang='lat' dir='ltr'><strong>a</strong></span> <span class='ocrx_word' id='word_1_144' title='bbox 871 2552 1058 2620; x_wconf 85' lang='lat' dir='ltr'><strong>consulibus</strong></span> <span class='ocrx_word' id='word_1_145' title='bbox 1087 2553 1224 2618; x_wconf 86' lang='lat' dir='ltr'><strong>relatam</strong></span> <span class='ocrx_word' id='word_1_146' title='bbox 1248 2575 1320 2618; x_wconf 90' lang='lat' dir='ltr'><strong>cum</strong></span> <span class='ocrx_word' id='word_1_147' title='bbox 1344 2562 1377 2618; x_wconf 90' lang='lat' dir='ltr'><strong>et</strong></span> <span class='ocrx_word' id='word_1_148' title='bbox 1404 2565 1517 2639; x_wconf 89' lang='lat' dir='ltr'><strong>patres</strong></span> 
     </span>
     <span class='ocr_line' id='line_1_20' title="bbox 376 2665 1518 2752; baseline -0.004 -18"><span class='ocrx_word' id='word_1_149' title='bbox 376 2690 501 2734; x_wconf 88' lang='lat' dir='ltr'><strong>summa</strong></span> <span class='ocrx_word' id='word_1_150' title='bbox 524 2688 587 2752; x_wconf 89' lang='lat' dir='ltr'><strong>ope</strong></span> <span class='ocrx_word' id='word_1_151' title='bbox 610 2665 866 2750; x_wconf 84' lang='lat' dir='ltr'><strong>adprobassent,</strong></span> <span class='ocrx_word' id='word_1_152' title='bbox 889 2665 1009 2732; x_wconf 86' lang='lat' dir='ltr'><strong>tribuni</strong></span> <span class='ocrx_word' id='word_1_153' title='bbox 1031 2665 1120 2750; x_wconf 89' lang='lat' dir='ltr'><strong>plebi</strong></span> <span class='ocrx_word' id='word_1_154' title='bbox 1143 2674 1308 2732; x_wconf 81' lang='lat' dir='ltr'><strong>certamen</strong></span> <span class='ocrx_word' id='word_1_155' title='bbox 1329 2667 1518 2748; x_wconf 81' lang='lat' dir='ltr'><strong>intulerunt,</strong></span> 
     </span>
     <span class='ocr_line' id='line_1_21' title="bbox 376 2777 1519 2863; baseline -0.002 -19"><span class='ocrx_word' id='word_1_156' title='bbox 376 2788 413 2844; x_wconf 89' lang='lat' dir='ltr'><strong>ut</strong></span> <span class='ocrx_word' id='word_1_157' title='bbox 441 2800 518 2863; x_wconf 90' lang='lat' dir='ltr'><strong>pars</strong></span> <span class='ocrx_word' id='word_1_158' title='bbox 547 2787 758 2862; x_wconf 85' lang='lat' dir='ltr'><strong>quaestorum</strong></span> <span class='ocrx_word' id='word_1_159' title='bbox 787 2815 826 2829; x_wconf 80' lang='lat'><strong>-—</strong></span> <span class='ocrx_word' id='word_1_160' title='bbox 854 2798 929 2842; x_wconf 85' lang='lat' dir='ltr'><strong>nam</strong></span> <span class='ocrx_word' id='word_1_161' title='bbox 956 2777 1059 2842; x_wconf 89' lang='lat' dir='ltr'><strong>adid</strong></span> <span class='ocrx_word' id='word_1_162' title='bbox 1093 2786 1223 2862; x_wconf 84' lang='lat' dir='ltr'><strong>tempus</strong></span> <span class='ocrx_word' id='word_1_163' title='bbox 1255 2778 1383 2862; x_wconf 86' lang='lat' dir='ltr'><strong>patricii</strong></span> <span class='ocrx_word' id='word_1_164' title='bbox 1417 2781 1519 2844; x_wconf 86' lang='lat' dir='ltr'><strong>creati</strong></span> 
     </span>
     <span class='ocr_line' id='line_1_22' title="bbox 378 2889 872 2974; baseline -0.01 -16"><span class='ocrx_word' id='word_1_165' title='bbox 378 2900 470 2958; x_wconf 86' lang='lat' dir='ltr'><strong>erant</strong></span> <span class='ocrx_word' id='word_1_166' title='bbox 494 2928 533 2938; x_wconf 79' lang='lat'><em>-</em></span> <span class='ocrx_word' id='word_1_167' title='bbox 557 2913 600 2956; x_wconf 82' lang='lat' dir='ltr'><strong>ex</strong></span> <span class='ocrx_word' id='word_1_168' title='bbox 623 2889 721 2974; x_wconf 90' lang='lat' dir='ltr'><strong>plebe</strong></span> <span class='ocrx_word' id='word_1_169' title='bbox 743 2891 872 2954; x_wconf 83' lang='lat' dir='ltr'><strong>fieret.“&#39;</strong></span> 
     </span>
    </p>

    <p class='ocr_par' dir='ltr' id='par_1_5' title="bbox 377 3001 1520 3540">
     <span class='ocr_line' id='line_1_23' title="bbox 462 3001 1520 3086; baseline 0 -22"><span class='ocrx_word' id='word_1_170' title='bbox 462 3001 578 3066; x_wconf 91' lang='lat' dir='ltr'><strong>Livius</strong></span> <span class='ocrx_word' id='word_1_171' title='bbox 609 3004 709 3086; x_wconf 86' lang='lat' dir='ltr'><strong>igitur</strong></span> <span class='ocrx_word' id='word_1_172' title='bbox 731 3024 759 3065; x_wconf 90' lang='lat' dir='ltr'><strong>a.</strong></span> <span class='ocrx_word' id='word_1_173' title='bbox 782 3003 855 3064; x_wconf 75' lang='lat'><strong>422.</strong></span> <span class='ocrx_word' id='word_1_174' title='bbox 879 3023 906 3064; x_wconf 91' lang='lat' dir='ltr'><strong>a.</strong></span> <span class='ocrx_word' id='word_1_175' title='bbox 930 3001 1007 3067; x_wconf 89' lang='lat' dir='ltr'><strong>Chr.</strong></span> <span class='ocrx_word' id='word_1_176' title='bbox 1037 3008 1231 3085; x_wconf 83' lang='lat' dir='ltr'><strong>quaestores</strong></span> <span class='ocrx_word' id='word_1_177' title='bbox 1259 3002 1417 3067; x_wconf 85' lang='lat' dir='ltr'><strong>militares</strong></span> <span class='ocrx_word' id='word_1_178' title='bbox 1446 3009 1520 3085; x_wconf 84' lang='lat' dir='ltr'><strong>post</strong></span> 
     </span>
     <span class='ocr_line' id='line_1_24' title="bbox 377 3112 1519 3196; baseline 0 -18"><span class='ocrx_word' id='word_1_179' title='bbox 377 3115 511 3178; x_wconf 79' lang='lat' dir='ltr'><strong>urbanos</strong></span> <span class='ocrx_word' id='word_1_180' title='bbox 532 3116 700 3179; x_wconf 89' lang='lat' dir='ltr'><strong>institutos</strong></span> <span class='ocrx_word' id='word_1_181' title='bbox 722 3134 797 3178; x_wconf 88' lang='lat' dir='ltr'><strong>esse</strong></span> <span class='ocrx_word' id='word_1_182' title='bbox 825 3112 940 3194; x_wconf 81' lang='lat' dir='ltr'><strong>tradit3</strong></span> <span class='ocrx_word' id='word_1_183' title='bbox 975 3123 1089 3178; x_wconf 81' lang='lat' dir='ltr'><strong>centra</strong></span> <span class='ocrx_word' id='word_1_184' title='bbox 1111 3112 1247 3180; x_wconf 85' lang='lat' dir='ltr'><strong>Tacitus</strong></span> <span class='ocrx_word' id='word_1_185' title='bbox 1269 3115 1407 3196; x_wconf 55' lang='lat' dir='ltr'><strong>pomum</strong></span> <span class='ocrx_word' id='word_1_186' title='bbox 1432 3135 1519 3178; x_wconf 86' lang='lat' dir='ltr'><strong>auno</strong></span> 
     </span>
     <span class='ocr_line' id='line_1_25' title="bbox 377 3201 1520 3308; baseline 0 -18"><span class='ocrx_word' id='word_1_187' title='bbox 377 3227 450 3290; x_wconf 75' lang='lat'><strong>447.</strong></span> <span class='ocrx_word' id='word_1_188' title='bbox 463 3248 492 3288; x_wconf 90' lang='lat' dir='ltr'><strong>a.</strong></span> <span class='ocrx_word' id='word_1_189' title='bbox 511 3225 586 3290; x_wconf 89' lang='lat' dir='ltr'><strong>Chr.</strong></span> <span class='ocrx_word' id='word_1_190' title='bbox 611 3225 693 3289; x_wconf 88' lang='lat' dir='ltr'><strong>duos</strong></span> <span class='ocrx_word' id='word_1_191' title='bbox 717 3201 910 3308; x_wconf 81' lang='lat' dir='ltr'><strong>quaestores</strong></span> <span class='ocrx_word' id='word_1_192' title='bbox 934 3229 1079 3308; x_wconf 87' lang='lat' dir='ltr'><strong>quirem</strong></span> <span class='ocrx_word' id='word_1_193' title='bbox 1101 3217 1265 3292; x_wconf 71' lang='lat' dir='ltr'><strong>militarius</strong></span> <span class='ocrx_word' id='word_1_194' title='bbox 1289 3229 1520 3290; x_wconf 74' lang='lat' dir='ltr'><strong>confiterentur</strong></span> 
     </span>
     <span class='ocr_line' id='line_1_26' title="bbox 379 3336 1519 3422; baseline -0.002 -20"><span class='ocrx_word' id='word_1_195' title='bbox 379 3347 526 3417; x_wconf 77' lang='lat' dir='ltr'><strong>creatos,</strong></span> <span class='ocrx_word' id='word_1_196' title='bbox 566 3345 684 3422; x_wconf 91' lang='lat' dir='ltr'><strong>postea</strong></span> <span class='ocrx_word' id='word_1_197' title='bbox 722 3336 804 3401; x_wconf 93' lang='lat' dir='ltr'><strong>duos</strong></span> <span class='ocrx_word' id='word_1_198' title='bbox 838 3340 894 3420; x_wconf 89' lang='lat' dir='ltr'><strong>qui</strong></span> <span class='ocrx_word' id='word_1_199' title='bbox 927 3337 1054 3402; x_wconf 85' lang='lat' dir='ltr'><strong>Romae</strong></span> <span class='ocrx_word' id='word_1_200' title='bbox 1089 3345 1239 3402; x_wconf 87' lang='lat' dir='ltr'><strong>curarent</strong></span> <span class='ocrx_word' id='word_1_201' title='bbox 1272 3336 1404 3402; x_wconf 86' lang='lat' dir='ltr'><strong>additos</strong></span> <span class='ocrx_word' id='word_1_202' title='bbox 1445 3357 1519 3401; x_wconf 90' lang='lat' dir='ltr'><strong>esse</strong></span> 
     </span>
     <span class='ocr_line' id='line_1_27' title="bbox 378 3457 1129 3540; baseline -0.016 -27"><span class='ocrx_word' id='word_1_203' title='bbox 378 3457 527 3514; x_wconf 86' lang='lat' dir='ltr'><strong>testatur.</strong></span> <span class='ocrx_word' id='word_1_204' title='bbox 945 3535 946 3540; x_wconf 7' lang='grc' dir='ltr'>η</span> <span class='ocrx_word' id='word_1_205' title='bbox 1126 3508 1129 3514; x_wconf 46' lang='grc'>,</span> 
     </span>
    </p>

    <p class='ocr_par' dir='ltr' id='par_1_6' title="bbox 378 3559 1520 4094">
     <span class='ocr_line' id='line_1_28' title="bbox 464 3559 1520 3626; baseline -0.001 -3"><span class='ocrx_word' id='word_1_206' title='bbox 464 3559 592 3623; x_wconf 89' lang='lat' dir='ltr'><strong>Deinde</strong></span> <span class='ocrx_word' id='word_1_207' title='bbox 614 3559 728 3624; x_wconf 85' lang='lat' dir='ltr'><strong>Livius</strong></span> <span class='ocrx_word' id='word_1_208' title='bbox 751 3560 770 3622; x_wconf 99' lang='lat' dir='ltr'><strong>l.</strong></span> <span class='ocrx_word' id='word_1_209' title='bbox 794 3561 814 3623; x_wconf 90' lang='lat' dir='ltr'><strong>l.</strong></span> <span class='ocrx_word' id='word_1_210' title='bbox 837 3567 951 3626; x_wconf 85' lang='lat' dir='ltr'><strong>auctor</strong></span> <span class='ocrx_word' id='word_1_211' title='bbox 975 3567 1025 3624; x_wconf 86' lang='lat' dir='ltr'><strong>est</strong></span> <span class='ocrx_word' id='word_1_212' title='bbox 1047 3581 1131 3624; x_wconf 90' lang='lat' dir='ltr'><strong>anno</strong></span> <span class='ocrx_word' id='word_1_213' title='bbox 1154 3562 1227 3622; x_wconf 79' lang='lat'><strong>421.</strong></span> <span class='ocrx_word' id='word_1_214' title='bbox 1250 3581 1278 3622; x_wconf 91' lang='lat' dir='ltr'><strong>a.</strong></span> <span class='ocrx_word' id='word_1_215' title='bbox 1292 3559 1370 3626; x_wconf 83' lang='lat' dir='ltr'><strong>Chr.</strong></span> <span class='ocrx_word' id='word_1_216' title='bbox 1393 3581 1434 3626; x_wconf 87' lang='lat' dir='ltr'><strong>ae</strong></span> <span class='ocrx_word' id='word_1_217' title='bbox 1457 3563 1520 3624; x_wconf 83' lang='lat' dir='ltr'><strong>tri-</strong></span> 
     </span>
     <span class='ocr_line' id='line_1_29' title="bbox 378 3673 1519 3761; baseline 0 -24"><span class='ocrx_word' id='word_1_218' title='bbox 378 3675 483 3737; x_wconf 87' lang='lat' dir='ltr'><strong>bunos</strong></span> <span class='ocrx_word' id='word_1_219' title='bbox 496 3673 627 3761; x_wconf 90' lang='lat' dir='ltr'><strong>quidem</strong></span> <span class='ocrx_word' id='word_1_220' title='bbox 651 3673 756 3756; x_wconf 90' lang='lat' dir='ltr'><strong>plebis</strong></span> <span class='ocrx_word' id='word_1_221' title='bbox 778 3675 1014 3748; x_wconf 74' lang='lat' dir='ltr'><strong>intercessisse.</strong></span> <span class='ocrx_word' id='word_1_222' title='bbox 1038 3694 1103 3756; x_wconf 92' lang='lat' dir='ltr'><strong>quo</strong></span> <span class='ocrx_word' id='word_1_223' title='bbox 1120 3675 1225 3736; x_wconf 90' lang='lat' dir='ltr'><strong>minus</strong></span> <span class='ocrx_word' id='word_1_224' title='bbox 1238 3680 1392 3756; x_wconf 87' lang='lat' dir='ltr'><strong>quattuor</strong></span> <span class='ocrx_word' id='word_1_225' title='bbox 1415 3694 1519 3758; x_wconf 85' lang='lat' dir='ltr'><strong>quae-</strong></span> 
     </span>
     <span class='ocr_line' id='line_1_30' title="bbox 379 3783 1520 3872; baseline -0.001 -23"><span class='ocrx_word' id='word_1_226' title='bbox 379 3794 485 3849; x_wconf 88' lang='lat' dir='ltr'><strong>stores</strong></span> <span class='ocrx_word' id='word_1_227' title='bbox 508 3787 669 3872; x_wconf 88' lang='lat' dir='ltr'><strong>promisco</strong></span> <span class='ocrx_word' id='word_1_228' title='bbox 693 3783 734 3847; x_wconf 88' lang='lat' dir='ltr'><strong>de</strong></span> <span class='ocrx_word' id='word_1_229' title='bbox 755 3783 853 3867; x_wconf 88' lang='lat' dir='ltr'><strong>plebe</strong></span> <span class='ocrx_word' id='word_1_230' title='bbox 876 3806 915 3848; x_wconf 88' lang='lat' dir='ltr'><strong>ac</strong></span> <span class='ocrx_word' id='word_1_231' title='bbox 936 3784 1085 3868; x_wconf 89' lang='lat' dir='ltr'><strong>patribus</strong></span> <span class='ocrx_word' id='word_1_232' title='bbox 1108 3784 1211 3850; x_wconf 84' lang='lat' dir='ltr'><strong>libero</strong></span> <span class='ocrx_word' id='word_1_233' title='bbox 1231 3784 1388 3872; x_wconf 85' lang='lat' dir='ltr'><strong>suffragio</strong></span> <span class='ocrx_word' id='word_1_234' title='bbox 1406 3784 1520 3870; x_wconf 90' lang='lat' dir='ltr'><strong>populi</strong></span> 
     </span>
     <span class='ocr_line' id='line_1_31' title="bbox 379 3894 1520 3982; baseline 0.001 -22"><span class='ocrx_word' id='word_1_235' title='bbox 379 3899 503 3966; x_wconf 79' lang='lat' dir='ltr'><strong>fierent-</strong></span> <span class='ocrx_word' id='word_1_236' title='bbox 547 3896 615 3962; x_wconf 85' lang='lat' dir='ltr'><strong>Sed</strong></span> <span class='ocrx_word' id='word_1_237' title='bbox 635 3919 700 3960; x_wconf 91' lang='lat' dir='ltr'><strong>non</strong></span> <span class='ocrx_word' id='word_1_238' title='bbox 722 3899 826 3959; x_wconf 90' lang='lat' dir='ltr'><strong>minus</strong></span> <span class='ocrx_word' id='word_1_239' title='bbox 851 3895 1024 3962; x_wconf 85' lang='lat' dir='ltr'><strong>duodecim</strong></span> <span class='ocrx_word' id='word_1_240' title='bbox 1047 3917 1148 3960; x_wconf 90' lang='lat' dir='ltr'><strong>annos</strong></span> <span class='ocrx_word' id='word_1_241' title='bbox 1171 3897 1392 3982; x_wconf 79' lang='lat' dir='ltr'><strong>praeteriisse,</strong></span> <span class='ocrx_word' id='word_1_242' title='bbox 1416 3894 1520 3978; x_wconf 86' lang='lat' dir='ltr'><strong>donec</strong></span> 
     </span>
     <span class='ocr_line' id='line_1_32' title="bbox 380 3989 1520 4094; baseline -0.004 -21"><span class='ocrx_word' id='word_1_243' title='bbox 380 4031 464 4074; x_wconf 88' lang='lat' dir='ltr'><strong>anno</strong></span> <span class='ocrx_word' id='word_1_244' title='bbox 487 4011 559 4094; x_wconf 71' lang='lat'><strong>409.</strong></span> <span class='ocrx_word' id='word_1_245' title='bbox 584 4031 612 4072; x_wconf 91' lang='lat' dir='ltr'><strong>a.</strong></span> <span class='ocrx_word' id='word_1_246' title='bbox 633 4009 708 4073; x_wconf 90' lang='lat' dir='ltr'><strong>Chr.</strong></span> <span class='ocrx_word' id='word_1_247' title='bbox 732 4011 869 4093; x_wconf 89' lang='lat' dir='ltr'><strong>primum</strong></span> <span class='ocrx_word' id='word_1_248' title='bbox 893 3989 1014 4093; x_wconf 89' lang='lat' dir='ltr'><strong>plebeii</strong></span> <span class='ocrx_word' id='word_1_249' title='bbox 1037 4015 1231 4091; x_wconf 86' lang='lat' dir='ltr'><strong>quaestores</strong></span> <span class='ocrx_word' id='word_1_250' title='bbox 1254 4015 1455 4088; x_wconf 76' lang='lat' dir='ltr'><strong>crearentur²</strong></span> <span class='ocrx_word' id='word_1_251' title='bbox 1474 4008 1520 4070; x_wconf 84' lang='lat' dir='ltr'><strong>ita</strong></span> 
     </span>
    </p>
   </div>
   <div class='ocr_carea' id='block_1_3' title="bbox 380 4223 1518 4236">
    <p class='ocr_par' dir='ltr' id='par_1_7' title="bbox 380 4223 1518 4236">
     <span class='ocr_line' id='line_1_33' title="bbox 380 4223 1518 4236; baseline -0.003 -2"><span class='ocrx_word' id='word_1_252' title='bbox 380 4225 1147 4236; x_wconf 47' lang='lat' dir='ltr'><em>*mmmm-..-</em></span> <span class='ocrx_word' id='word_1_253' title='bbox 1156 4223 1518 4232; x_wconf 50' lang='lat' dir='ltr'><strong>-ss-—m———a—</strong></span> 
     </span>
    </p>
   </div>
   <div class='ocr_carea' id='block_1_4' title="bbox 468 4371 724 4531">
    <p class='ocr_par' dir='ltr' id='par_1_8' title="bbox 468 4371 724 4531">
     <span class='ocr_line' id='line_1_34' title="bbox 468 4371 724 4436; baseline -0.012 -15"><span class='ocrx_word' id='word_1_254' title='bbox 468 4373 513 4436; x_wconf 68' lang='grc' dir='ltr'><strong>ιω)</strong></span> <span class='ocrx_word' id='word_1_255' title='bbox 532 4371 600 4422; x_wconf 84' lang='lat' dir='ltr'><strong>uu.</strong></span> <span class='ocrx_word' id='word_1_256' title='bbox 619 4387 645 4435; x_wconf 83' lang='lat' dir='ltr'><strong>p.</strong></span> <span class='ocrx_word' id='word_1_257' title='bbox 666 4373 724 4422; x_wconf 79' lang='lat'><strong>221.</strong></span> 
     </span>
     <span class='ocr_line' id='line_1_35' title="bbox 468 4467 641 4531; baseline -0.017 -15"><span class='ocrx_word' id='word_1_258' title='bbox 468 4468 513 4531; x_wconf 76' lang='lat'><strong>²⁶⁹)</strong></span> <span class='ocrx_word' id='word_1_259' title='bbox 532 4467 580 4531; x_wconf 84' lang='lat' dir='ltr'><strong>ru,</strong></span> <span class='ocrx_word' id='word_1_260' title='bbox 599 4467 641 4515; x_wconf 73' lang='lat' dir='ltr'><strong>aa</strong></span> 
     </span>
    </p>
   </div>
   <div class='ocr_carea' id='block_1_5' title="bbox 0 0 1756 5364">
    <p class='ocr_par' dir='ltr' id='par_1_9' title="bbox 0 0 1756 5364">
     <span class='ocr_line' id='line_1_36' title="bbox 0 0 1756 5364; baseline 0 0"><span class='ocrx_word' id='word_1_261' title='bbox 0 0 1756 5364; x_wconf 95' lang='lat' dir='ltr'><strong> </strong></span> 
     </span>
    </p>
   </div>
  </div>
 </body>
</html>
