3484 5374
1244 519 1286 584 tl

151 711 245 776 quam
267 691 408 757 libuisse.
452 689 521 758 Sed
547 691 707 777 quasdam
736 690 934 777 Scytharum
956 689 1183 778 Getarumque
1205 715 1287 760 eou-

149 803 337 868 suatudines
361 807 458 869 etiam
489 801 662 869 Germanis
691 804 795 870 fuisse
828 826 1015 872 communes
1050 810 1122 892 quis
1152 807 1287 877 audebit

147 915 291 1000 negare?
320 915 418 996 Quod
446 919 476 980 si
504 915 576 982 lieri
597 918 745 1002 potuisse
775 915 917 982 dandum
938 925 1008 998 est,
1034 939 1142 982 nonus
1171 920 1286 984 eadem

148 1049 200 1094 ras
222 1028 369 1095 o'Paoito
390 1028 508 1094 iisdem
531 1029 641 1095 verbis
663 1039 762 1114 atqua
784 1051 805 1093 a
821 1027 980 1095 Sallustio
1001 1034 1134 1096 tractari
1156 1030 1287 1117 potuit?

147 1142 251 1226 Atqui
273 1163 338 1207 nou
359 1141 464 1208 solum
486 1144 594 1228 potuit
610 1141 745 1208 Tacitus
767 1142 831 1206 boo
852 1140 972 1224 faeere,
995 1141 1055 1208 sed
1078 1145 1176 1208 etiam
1197 1144 1287 1210 laeli.

148 1255 283 1320 Revoca
305 1254 389 1320 anim
412 1257 444 1318 iu
466 1257 655 1320 memoriam
678 1254 784 1319 locum
805 1253 897 1319 illum
906 1251 1068 1331 Germb,
1091 1273 1157 1338 quo
1170 1255 1287 1321 eadem

147 1366 288 1448 ratione,
310 1387 376 1449 qua
398 1363 576 1432 Sallustius
598 1365 640 1431 ds
662 1364 787 1447 Africa,
810 1362 1042 1431 deGermauia
1064 1364 1197 1432 disserit
1216 1365 1287 1431 'l'a-

147 1481 231 1542 eiius
248 1475 310 1563 ¹⁷⁰).
352 1475 471 1562 Neque
493 1476 733 1563 neglegendum
756 1495 830 1542 ease
853 1485 933 1562 puto
956 1477 1105 1541 batam
1135 1477 1221 1542 idem
1244 1475 1287 1542 (le

148 1587 280 1673 Scythis
302 1587 434 1653 tradere
456 1588 546 1673 quod
566 1586 715 1652 Tacitum
739 1585 782 1652 de
804 1586 978 1653 Germanis
995 1585 1053 1670 ΠΙ).

232 1701 327 1781 Quae
348 1720 421 1766 oum
443 1703 592 1783 iterim,
621 1699 656 1765 id
684 1721 782 1764 unum
804 1719 864 1784 pro
889 1707 979 1766 certo
1008 1699 1164 1765 affirmari
1186 1721 1286 1786 posse

146 1812 287 1895 videtur,
308 1812 458 1878 Tacitum
480 1811 545 1877 illis
567 1811 659 1894 loeis,
683 1813 779 1877 sicuti
800 1811 872 1876 aliis
888 1827 1030 1896 quoque,
1053 1809 1287 1878 Sallustiiser-

145 1944 273 1990 monem
295 1927 454 1990 imitatum
486 1943 577 2008 ssse;
606 1943 714 2006 neque
737 1943 818 1988 varo
840 1943 914 1988 eum
936 1925 1026 2007 ipsas
1047 1943 1101 1988 res
1123 1922 1200 1988 iude
1222 1944 1286 1988 ex·

147 2039 309 2122 carpsisse
331 2035 442 2100 sobrie
473 2036 546 2118 quis
568 2037 691 2119 poterit
713 2034 919 2100 contendere.
967 2033 1061 2100 Adeo
1084 2034 1287 2120 probabilius

146 2147 297 2232 squidem
327 2147 485 2230 arbitror,
519 2167 605 2231 quae
633 2146 721 2231 apud
743 2144 925 2231 Vergilium
955 2147 1010 2227 (et
1031 2145 1209 2224 Iustinum)
1244 2146 1285 2210 tle

145 2259 289 2343 Scythis,
312 2259 401 2345 apud
424 2259 596 2324 Horatium
620 2259 662 2324 de
687 2255 782 2326 Getis
805 2258 965 2342 legantur,
989 2257 1179 2323 Sallustium
1201 2278 1286 2343 quo·

146 2391 209 2454 que
232 2369 418 2456 de-Soytbis
430 2369 602 2455 Satisque,
624 2389 689 2434 non
706 2369 750 2436 de
763 2367 946 2448 Germanis,
968 2371 1164 2434 narravisse.
1188 2367 1286 2449 Quod

145 2483 172 2544 si
195 2500 274 2545 sano
296 2479 416 2544 iudicio
439 2483 598 2565 suspicari
619 2481 712 2559 lieet,
744 2477 932 2544 Sallustium
955 2481 988 2541 in
1010 2477 1118 2542 Taciti
1139 2479 1285 2546 lontibus

144 2611 315 2656 numerare
336 2594 526 2676 nequimus,
557 2601 712 2674 quantum
745 2590 875 2676 quidem
899 2590 1014 2656 Tacito
1038 2592 1190 2656 oouveuit
1211 2612 1285 2658 oum

144 2701 291 2788 Vergilio
314 2712 414 2786 atque
436 2702 585 2768 Horatio.

229 2812 313 2878 Tum
325 2813 446 2878 la'uirm
458 2812 500 2878 de
511 2811 685 2878 Germanis
695 2813 802 2877 fusius
812 2816 925 2899 'egisse
940 2815 1096 2899 periocha
1113 2813 1187 2879 libri
1200 2813 1286 2880 CIV.

142 2925 299 2990 doeemur
316 2921 376 3004 ¹²¹).
407 2924 513 3004 Quem
535 2923 740 3008 praeclarum
761 2945 869 2988 rerum
890 2925 1084 3010 scriptorem
1107 2945 1181 2991 oum
1202 2927 1287 2992 bene

141 3039 272 3102 noverit
293 3033 428 3100 Tacitus
451 3056 494 3100 ao
513 3035 697 3100 laudaverit
716 3033 813 3122 (Agr.
827 3035 886 3119 103
908 3033 993 3110 Ana.
1005 3034 1063 3118 IV,
1081 3037 1164 3120 34),
1187 3040 1286 3102 etiam

114 3134 117 3142 ’
141 3150 176 3210 in
197 3147 281 3212 libro
298 3146 339 3212 de
352 3144 528 3212 Germania
547 3145 637 3212 edito
653 3147 793 3210 animum
812 3146 855 3212 ad
873 3167 946 3210 eum
964 3145 1146 3212 attendisse
1164 3155 1287 3232 putan-

143 3258 206 3324 dus
229 3267 289 3324 est.

228 3371 402 3435 Librorum
437 3369 517 3436 belli
545 3368 731 3434 Germanici
767 3370 809 3434 ab
838 3370 962 3450 Aufidio
990 3369 1091 3435 Basso
1120 3374 1287 3457 composi·

141 3492 250 3560 torum
285 3483 406 3548 nullam
435 3489 568 3568 praeter
596 3483 692 3546 huius
728 3479 816 3546 tituli
845 3485 1013 3548 seientiam
1042 3482 1201 3548 habemus
1216 3479 1286 3568 ’Ὃς

143 3694 238 3702 --.--.
250 3697 280 3702 ..-
284 3693 1282 3702 —fflwm———u———ffl-—ffl

232 3835 366 3902 ¹²⁰)‘Vida
385 3842 476 3888 auuot.
497 3837 554 3887 leo.

230 3931 275 3998 ¹¹¹)
293 3928 393 3984 Iastia.
410 3931 438 3997 Ι,
456 3933 488 3996 8,
508 3934 535 3982 7:
564 3933 710 3996 „priusque
734 3930 855 3996 Soytbee
874 3932 1007 3982 ebrietate
1025 3943 1105 3995 quam
1117 3929 1204 3980 bello
1222 3931 1286 3981 vin·-

143 4027 266 4077 cuntur.“
301 4023 342 4076 Oi.
368 4023 456 4078 Germ
480 4027 526 4078 23:
556 4024 603 4092 „Si
629 4025 774 4076 indulseris
802 4026 928 4076 ebrietati
953 4024 1125 4090 suggerendo
1155 4029 1286 4088 quautam

144 4125 350 4187 concupiscunt,
368 4120 442 4171 baud
459 4123 548 4171 miuus
567 4120 648 4171 iaoile
666 4122 740 4170 vitiis
759 4133 840 4183 quam
858 4121 939 4170 armis
956 4115 1124 4170 vincantur.“
1181 4132 1185 4138 ·
1226 4155 1229 4160 .

231 4214 275 4279 ¹²²)
294 4212 355 4268 [aa.
373 4213 444 4280 llplt.
462 4212 539 4264 OIV:
570 4213 679 4280 „Prima
695 4224 761 4278 pare
783 4211 845 4264 libri
863 4215 946 4263 situm
964 4211 1125 4264 Germaniae
1142 4207 1285 4296 moresque

144 4307 291 4361 continet.“
582 4335 590 4340 ·
830 4331 832 4336 ’

231 4402 277 4468 ¹²³)
295 4401 337 4454 Oi.
355 4399 469 4470 Quintil
486 4401 530 4467 X,
559 4401 665 4466 1‚103.
702 4398 820 4465 Propter
838 4399 1021 4464 eloquentiam
1038 4398 1164 4451 Aulidiua
1181 4401 1285 4453 lissam

145 4501 371 4550 commemoratur
387 4495 457 4546 Dial.
477 4495 518 4547 23.
