3446 5380
1342 554 1402 616 117

266 725 406 787 civitatis
429 724 523 788 huius
548 730 676 788 constat
697 745 821 809 reges
845 746 971 790 omnem
994 733 1190 810 potestatem
1215 707 1398 790 habiisse.“

266 829 422 900 Proxima
456 835 662 920 paragrapho
697 834 738 899 de
771 835 940 899 tribuno
975 835 1152 900 celerum
1190 835 1333 918 loquitur
1368 845 1401 900 et

264 945 391 1009 Iunium
412 945 565 1026 Brutum,
588 948 645 1029 qai
666 954 781 1012 auctor
801 947 902 1012 fuerit
923 967 1020 1032 roges
1044 947 1198 1028 eiciendi,
1220 949 1253 1010 in
1276 969 1315 1013 co
1339 970 1402 1010 nu-

263 1077 353 1122 mero
387 1058 489 1123 fuisse
521 1058 682 1144 perhibet.
732 1057 837 1142 Atqui
868 1080 966 1144 reges
999 1067 1032 1124 et
1062 1060 1226 1124 tribunum
1259 1060 1401 1126 celerum

265 1191 360 1234 nemo
382 1179 471 1234 certe
493 1173 526 1234 in
549 1170 699 1234 liberae
720 1171 927 1253 reipublicae
949 1171 1193 1256 magistratibus
1210 1170 1402 1236 numerabit.

288 1328 291 1333 ·
350 1306 478 1371 Deinde
501 1309 529 1370 si
552 1308 752 1392 Pomponius
774 1307 862 1370 illum
887 1306 1043 1372 Varronis
1067 1306 1213 1372 ordinem
1242 1312 1401 1393 respexIt,

263 1417 417 1502 numquid
441 1426 543 1502 post
565 1425 758 1500 quaestores
782 1439 902 1482 vocare
921 1423 1028 1503 potuit
1047 1421 1240 1494 decemuiros,
1266 1419 1402 1484 tribunos

262 1532 409 1610 militum,
440 1530 554 1592 aediles
576 1530 713 1610 cmules,
736 1536 914 1614 praetorem
935 1531 1104 1612 urdouum,
1122 1539 1300 1615 praetorem
1321 1534 1402 1596 iuter

258 1643 448 1726 peroptimos,
471 1643 657 1706 decemuiros
678 1643 807 1706 stlitibus
827 1643 1009 1724 ludicaudls,
1032 1646 1275 1726 quattuorviros,
1298 1647 1401 1708 tium·

262 1755 532 1829 olroa'mouetalcs
555 1757 632 1817 etat
676 1754 769 1818 Haec
791 1755 1005 1820 intolerabilis
1029 1764 1117 1820 esset
1146 1757 1297 1841 farrag03
1331 1765 1399 1820 tum
1474 1748 1477 1754 ’

263 1867 347 1930 enim
377 1865 408 1928 hi
438 1867 647 1950 magistratus
677 1887 788 1930 omnes
819 1866 861 1930 ad
892 1855 967 1948 eos,
1002 1869 1055 1951 qul
1083 1887 1182 1951 neque
1210 1871 1400 1933 aocamuem

262 1995 359 2058 oeque
369 1977 566 2059 preaaloaem
585 1977 705 2057 tabeat,
727 1979 943 2061 pertinerent3
966 1975 1191 2061 quodfalsum
1208 1999 1280 2043 esse
1298 1987 1399 2064 patet.

347 2115 498 2197 Denique
528 2117 629 2179 totius
662 2113 726 2179 loci
754 2115 949 2180 Varroniani
962 2115 1016 2198 ³¹⁴)
1046 2135 1135 2180 nexu
1171 2115 1337 2180 Varronem
1366 2119 1398 2180 in

262 2227 421 2290 divisione
454 2225 510 2289 illa
542 2230 788 2311 magistratuum
822 2230 1001 2313 tripartita,
1046 2237 1082 2291 nt
1113 2230 1176 2291 iam
1206 2230 1398 2307 monuimuS,

262 2359 368 2400 suoru
391 2341 559 2400 oetatem
578 2347 744 2422 spectasse
762 2339 968 2402 manifestum
983 2347 1049 2420 est3
1072 2361 1145 2402 nam
1164 2341 1225 2402 nisi
1244 2341 1289 2402 ita
1301 2348 1399 2417 esset,

262 2457 453 2532 quaestores
477 2451 593 2513 tertiae
622 2452 868 2534 magistratuum
899 2453 1001 2534 parti,
1034 2453 1089 2533 qui
1120 2472 1226 2533 oeque
1249 2453 1399 2514 vocatio-

261 2583 334 2624 nem
352 2583 459 2644 neque
476 2564 682 2646 prensionem
700 2563 899 2642 habuerunt,
924 2572 1013 2626 certe
1031 2585 1094 2626 non
1111 2565 1408 2626 annumeravisset.·

262 2671 354 2737 Idad
372 2675 487 2736 aerarii
504 2681 629 2736 tantum
648 2680 840 2756 quaestores
862 2677 1080 2758 posteriorum
1103 2683 1285 2759 temporum
1308 2675 1399 2738 refe-

261 2785 395 2849 rendum
419 2791 485 2878 est3
510 2787 628 2848 etenim
646 2787 769 2868 pridem
786 2793 961 2870 quaestores
983 2796 1146 2870 tamquam
1169 2785 1318 2871 publicos
1340 2805 1399 2849 ae-

262 2907 430 2963 cusatores
451 2901 500 2961 lus
527 2899 695 2963 uoeotloals
724 2899 863 2964 tabuisse
893 2900 964 2983 ipse
986 2896 1093 2962 Varro
1123 2898 1144 2960 l.
1167 2897 1186 2960 l.
1210 2874 1261 2980 (L‘.
1282 2899 1321 2962 L.
1340 2888 1421 2978 VI,

262 3009 414 3092 90—93.)
437 3017 585 3074 testatur.

346 3149 420 3213 Hac
442 3151 538 3234 igitur
562 3172 604 3212 ex
627 3159 721 3234 parte
741 3149 891 3216 Sanionis
909 3153 1149 3235 argumentatio
1172 3158 1243 3214 tota
1266 3149 1399 3215 vacillat

262 3270 294 3324 et
323 3259 502 3339 claudicat,
544 3281 670 3344 nosque
699 3262 934 3344 Pomponium,
977 3283 1047 3326 cum
1080 3261 1122 3327 de
1155 3263 1398 3347 magistratibus

260 3381 391 3458 ageret,
422 3371 464 3435 ad
490 3381 638 3456 tempora
666 3373 806 3435 animum
835 3372 1015 3436 attendisse
1044 3381 1200 3436 tenemus.
1245 3372 1296 3436 Ita
1319 3393 1397 3438 sane

260 3484 460 3568 Pomponius
477 3484 591 3569 procul
609 3484 803 3570 disiungitur
820 3506 840 3547 a
851 3483 966 3548 Tacito
977 3483 1050 3566 ³¹l);
1069 3506 1208 3568 namque
1221 3486 1274 3548 hic
1285 3505 1398 3568 regum

260 3602 387 3676 aetate,
416 3596 472 3659 ille
500 3595 604 3659 libera
626 3617 661 3661 re
683 3595 814 3680 publica
836 3604 1029 3679 quaestores
1051 3599 1218 3674 institutos
1242 3617 1314 3660 esse
1337 3595 1399 3659 de-

259 3715 428 3772 monstrat.
471 3705 562 3792 Ergo
585 3695 758 3790 utramque
782 3729 825 3771 ex
847 3704 996 3771 Varrone
1019 3701 1167 3772 hausisse
1190 3727 1397 3791 nequaquam

260 3817 336 3882 licet
365 3817 553 3882 defendere.
598 3817 665 3884 Sed
695 3821 801 3904 ipsum
823 3817 1022 3901 Varronem,
1053 3822 1204 3903 quoniam
1229 3819 1270 3884 de
1294 3839 1398 3902 quae-

259 3937 372 3994 sturae
402 3932 526 4015 origine
556 3951 598 3994 ne
625 3930 693 3995 ulla
715 3931 846 4013 quidem
875 3930 984 3995 littera
1012 3929 1100 4016 apud
1123 3952 1196 3995 enm
1225 3931 1396 4008 invenitur,

259 4041 407 4107 alterutri
429 4050 596 4106 auctorem
618 4041 721 4106 luisse
743 4041 833 4105 nulla
854 4044 979 4107 ratione
1002 4041 1241 4124 comprobatur.

415 4281 521 4287 -.-—-.—
533 4282 558 4286 a-
571 4282 577 4286 ..
591 4281 696 4286 -—-....--.,.
713 4282 773 4286 ..-„-
782 4282 897 4287 --..,.,.-
918 4281 995 4286 ..,-....
1008 4279 1394 4286 ,,--,-.--.--η-,-.----.

344 4438 389 4504 ³¹⁴)
408 4439 460 4502 Ap,
479 4438 548 4489 Gcll.
566 4439 599 4489 Ν,
618 4439 651 4488 A.
669 4439 747 4504 XIII,
768 4441 808 4489 12.

343 4531 388 4597 ³¹⁵)
408 4531 448 4583 Cf.
467 4530 552 4586 Saule
569 4535 586 4584 l.
605 4534 621 4583 1.
640 4521 666 4598 ρ’.
685 4535 726 4585 82.
