3484 5374
1219 483 1260 549 id

134 660 231 726 sulere
260 679 325 724 non
355 660 434 723 satis
462 656 619 724 habuisse
646 665 760 724 noetm
789 659 860 722 inre
882 659 1069 724 eouiciruua
1111 655 1164 722 Ac
1184 661 1261 721 sunt

132 772 274 856 proiecto
301 769 404 836 multa
428 789 513 854 quae
540 769 597 833 ille
624 771 682 832 vix
701 772 847 854 potnerit
868 768 997 834 Quare
1020 790 1063 834 ex
1084 767 1262 836 voluntat·-

131 879 202 960 bua,
230 878 290 944 sed
311 882 421 964 potius
442 880 486 944 ab
508 879 721 964 aequalibus,
751 881 807 964 qui
830 876 1069 944 Germanorum
1090 899 1198 944 mores
1227 880 1262 941 in

130 993 267 1076 ipsorum
298 1001 387 1058 terra
414 991 566 1058 viderint
609 991 662 1058 Ita
683 1013 769 1077 quae
796 991 839 1056 de
867 992 1053 1057 nationibus
1075 989 1262 1082 Danubium

130 1103 360 1184 accolentibus,
390 1104 584 1189 quibuscum
612 1103 802 1170 Domitiano
826 1102 955 1169 demum
985 1106 1166 1191 imperante
1188 1101 1262 1166 Ro-

129 1219 209 1280 mani
230 1223 461 1282 concurrerant
476 1213 542 1298 1Ἱῖ),
574 1215 662 1303 apud
685 1237 759 1280 eum
781 1217 982 1296 invenimus,
1013 1215 1052 1278 ub
1074 1215 1152 1298 ipris
1173 1215 1261 1278 duci-

129 1328 180 1390 bus
199 1328 400 1412 militibusque
422 1330 623 1414 comperisse
646 1349 720 1392 eum
744 1329 978 1392 existimemus.
1023 1324 1094 1389 Nec
1112 1324 1261 1390 Tacitum

129 1459 166 1501 en
192 1439 266 1522 ipsiu
297 1438 475 1519 Gemauuia,
507 1460 644 1523 quorum
668 1448 746 1502 tune
772 1441 930 1522 temporis
952 1458 1019 1502 non
1039 1455 1163 1521 paucos
1189 1433 1263 1498 Ro·-

126 1569 196 1614 mae
216 1551 315 1614 vitam
351 1549 480 1634 degisse
510 1552 645 1630 scimus,
682 1548 843 1631 quaedam
877 1547 1069 1632 explorasse
1102 1546 1261 1612 audemus

126 1662 261 1727 infitiari.
312 1662 406 1742 Quae
436 1663 519 1727 enim
552 1661 593 1727 de
625 1658 861 1726 Germanorum
891 1661 1017 1744 origine
1048 1679 1088 1723 ac
1118 1657 1161 1723 de
1189 1661 1263 1723 riti-

124 1775 184 1838 bus
207 1774 323 1840 divinis
346 1776 388 1840 ab
411 1795 452 1840 eo
473 1774 670 1856 referuntur,
692 1771 916 1859 indigenarum
938 1770 1177 1837 narrationibus
1200 1773 1262 1834 tri-

123 1884 295 1951 buerimus.
317 1884 596 1967 Auepctiolcribm
613 1885 773 1968 denique,
798 1885 854 1968 qui
867 1885 965 1948 ardui
978 1882 1146 1948 mercandi
1163 1903 1262 1947 cauea

122 1997 285 2060 nationum
308 2016 413 2082 prope
435 1993 611 2062 Suebicum
633 2015 723 2058 mare
745 1994 960 2058 habitantium
982 1995 1133 2079 regiones
1155 2013 1261 2078 pene-

121 2115 305 2189 traverant,
333 2128 372 2172 ea
393 2106 525 2172 videtur
547 2109 715 2191 accepisse
738 2125 824 2188 quae
847 2105 889 2168 de
912 2103 976 2168 illis
999 2104 1153 2192 gentibus
1175 2125 1262 2168 nove

124 2225 156 2282 et
178 2217 266 2284 clara
287 2221 433 2286 narravit
450 2215 510 2301 ¹²⁸).

211 2345 277 2427 Quo
306 2347 401 2428 spbar
420 2346 512 2410 ruodo
538 2345 662 2410 Tacitus
675 2345 816 2428 sentibus
836 2365 910 2409 usur
930 2347 986 2425 eit,
1022 2347 1136 2430 paucis
1167 2343 1261 2408 dica-

120 2479 202 2521 mus.
246 2455 365 2542 Neque
389 2459 474 2521 enim
495 2459 528 2520 in
550 2455 653 2521 verba
674 2464 843 2522 auctorum
868 2476 1020 2539 umquam
1041 2457 1177 2536 iuravit,
1200 2453 1261 2520 sed

119 2571 159 2631 iis
182 2589 267 2652 quae
298 2568 428 2632 aliunde
458 2572 642 2633 accuratius
665 2572 853 2652 certiusque
882 2576 1102 2653 compererat,
1132 2567 1260 2632 illorum

118 2682 325 2744 narrationes
347 2682 465 2764 partim
488 2683 582 2743 auxit
603 2682 721 2763 partim
745 2681 899 2743 correxit
943 2676 1025 2744 Inde
1049 2700 1105 2744 our
1128 2681 1260 2764 saepius

119 2812 139 2856 a
162 2789 316 2857 Caesaris
338 2791 480 2854 Pliniive
502 2790 614 2855 verbis
638 2789 786 2872 differat,
810 2789 1041 2875 explicandum
1064 2799 1125 2856 est

208 2921 363 2987 Ceterum
385 2942 427 2986 ne
450 2919 542 2985 obliti
565 2922 664 2984 simus
687 2940 760 2984 eum
783 2922 815 2984 in
831 2917 1027 2983 Germaniae
1049 2927 1155 2984 terras
1178 2939 1262 3005 gen·
1356 2905 1358 2910 η

117 3041 238 3117 tesque
266 3035 431 3116 inquirere
462 3053 503 3096 ne
533 3030 621 3096 edito
644 3030 777 3114 quidem
799 3030 855 3094 illo
879 3029 920 3094 de
943 3011 1120 3095 Germania
1149 3028 1261 3094 libello

118 3135 277 3226 desiisse,
301 3147 349 3208 sic
356 3143 583 3229 intellegimus
596 3144 652 3227 qui
670 3142 824 3207 nonnulla
841 3145 874 3204 in
894 3141 985 3206 libris
1001 3149 1119 3226 postea
1131 3141 1262 3224 scriptis

117 3255 217 3320 aliter
244 3255 431 3337 tradantur,
466 3254 556 3319 velut
590 3253 630 3319 de
661 3257 791 3340 argenti
820 3254 941 3317 fodinis
972 3251 1027 3316 vel
1049 3250 1091 3314 de
1114 3250 1261 3314 coloniae

116 3366 371 3452 Agrippinensis
407 3368 553 3452 origine,
588 3363 652 3429 alia
683 3368 715 3429 in
747 3364 830 3428 libro
860 3363 901 3427 de
932 3359 1109 3426 Germania
1138 3362 1261 3447 scripto

117 3498 257 3562 prorsus
281 3479 400 3542 omissa
422 3479 505 3557 sint,
533 3476 624 3541 velut
646 3476 818 3540 multarum
841 3477 986 3561 gentium
1008 3475 1157 3552 nomina,
1188 3494 1263 3537 nam

116 3589 276 3670 Marsaci,
295 3588 538 3670 Canninefates,
556 3587 741 3675 Sugambri,
754 3586 911 3673 Gugerni,
929 3586 1109 3668 Tubantes,
1126 3585 1264 3671 Ampsi÷

117 3704 204 3764 varii
226 3705 260 3764 in
282 3701 427 3766 historiis
449 3708 506 3765 aut
528 3699 698 3765 annalibus
721 3708 1021 3765 commemorantur.

209 3830 416 3894 Postremum
443 3829 583 3892 Tacitum
604 3830 640 3890 in
657 3827 826 3891 Germanic
847 3829 948 3910 ipsum
968 3846 1032 3888 non
1046 3827 1146 3906 ⁸[uisae
1168 3823 1263 3888 nobis

116 3961 314 4024 persuasum
338 3949 397 4005 eet.
438 3939 570 4004 Etenim
598 3960 683 4023 quae
706 3939 867 4021 Kritzius,
899 3946 936 4002 ul
964 3937 1027 4002 hoc
1049 3934 1166 4000 Tacito
1188 3939 1263 4030 vin-

210 4259 255 4326 ¹⁷⁷)
275 4259 316 4311 Gi.
333 4257 444 4313 Blenina
468 4258 484 4310 l.
508 4261 526 4310 l.
550 4275 576 4325 p.
596 4261 654 4310 200.
690 4258 797 4309 Etenim
821 4272 886 4308 num
910 4260 963 4306 iam
981 4255 1089 4306 Tiberio
1114 4257 1264 4318 imperante

116 4355 239 4406 Romani
257 4357 454 4406 accuratiorem
472 4354 546 4405 illiue
564 4352 727 4404 Germaniae
744 4354 862 4417 regionis
881 4351 1024 4401 habuerint
1042 4349 1204 4399 dubitamus.

210 4464 256 4536 ¹²⁸)
276 4463 317 4516 Oi.
336 4462 467 4518 Zeueaiua
483 4465 501 4515 l.
520 4464 538 4515 1.
557 4479 583 4532 p.
602 4463 660 4515 iob.
