3484 5374
1228 541 1266 610 il

216 713 324 779 Etiam
355 715 389 779 iu
410 721 604 779 monumento
626 712 793 796 Ancyrouo
810 713 862 799 ¹⁵⁰)
893 713 1016 782 Cimbri
1044 717 1268 782 nominantur:

137 825 341 909 „Cimbriqoe
356 823 570 890 ethsrudas
592 834 626 890 et
637 823 819 892 Semnones
841 835 876 891 et
899 825 1044 892 eiusdem
1067 835 1192 893 tractus
1213 827 1270 893 alii

136 936 368 1002 Germanorum
390 937 503 1023 populi
529 957 589 1022 per
616 937 745 1023 legatos
774 940 947 1004 amicitiam
972 958 1078 1004 meum
1101 949 1135 1004 et
1156 939 1270 1025 populi

134 1049 269 1114 Romani
290 1051 483 1135 petierunt“
522 1049 752 1114 Conferendus
775 1057 826 1114 est
848 1048 969 1142 Suebo,
991 1053 1048 1133 qui
1070 1055 1205 1136 copiose
1227 1050 1269 1117 de

135 1161 270 1226 Cimbris
292 1165 361 1248 agit
382 1159 471 1244 (VII,
492 1163 525 1244 2,
550 1161 643 1226 1-3.
665 1183 697 1246 p.
721 1163 922 1250 aaz-294.)

220 1271 334 1349 „Nunc
356 1271 398 1336 de
421 1270 529 1337 Suebis
551 1270 723 1348 dicendum
757 1274 839 1355 sst“,
871 1277 980 1360 pergit
1002 1274 1137 1340 Tacitus
1166 1295 1193 1338 o.
1216 1274 1268 1339 38.

133 1383 248 1466 Neque
270 1385 431 1448 immerito
453 1381 575 1448 Rteaiuc
587 1382 735 1448 Tacitum
759 1385 822 1450 hoc
844 1385 917 1450 loco
939 1385 1147 1452 historiarum
1167 1384 1269 1452 libros

132 1495 318 1579 respexisse
340 1495 499 1579 opinatur.
528 1494 579 1558 Ac
601 1495 751 1580 profecto
763 1493 930 1560 mirueille
945 1499 1140 1562 narrationis
1159 1505 1269 1561 trans-⁶

131 1609 194 1670 itus
218 1608 340 1690 optime
362 1605 577 1691 intellegitur,
601 1608 629 1670 si
650 1613 797 1670 nostrum
819 1615 986 1674 auctorem
1002 1607 1097 1676 bellis
1120 1607 1269 1675 Suebicis

131 1715 227 1796 (Hist.
249 1715 275 1797 1,
299 1717 340 1794 2.)
364 1715 407 1780 ad
430 1735 603 1782 excursum
626 1715 669 1780 de
690 1713 868 1783 Germania
889 1717 1034 1792 historiis
1055 1717 1267 1784 inserendum

131 1825 336 1892 concedimus
358 1827 462 1892 fuisse
484 1825 661 1892 adductum
684 1836 784 1910 atque
806 1828 893 1894 hunc
914 1827 1058 1892 libellum
1082 1849 1203 1914 operae
1225 1828 1270 1894 ad

131 1939 282 2020 historias
312 1937 456 2004 edendas
484 1940 678 2024 pertinentis
708 1941 802 2022 quasi
824 1940 966 2006 fructum
989 1961 1064 2006 esse
1086 1943 1269 2005 statuimus.

216 2049 397 2116 Sueborum
426 2052 527 2136 igitur
547 2053 693 2133 nomine,
727 2054 849 2136 quippe
878 2072 944 2135 quo
974 2060 1133 2138 vagantes
1155 2051 1270 2138 populi

130 2163 370 2252 significentur,
393 2162 481 2248 apud
503 2163 652 2228 Tacitum
675 2170 709 2228 et
730 2160 926 2230 Strabonem
947 2165 1095 2228 nationes
1124 2164 1271 2230 eumaem

129 2296 245 2342 versus
266 2275 453 2342 habitantes
469 2272 726 2361 comprehendi,
754 2272 843 2360 apud
873 2271 1049 2340 Caesarem
1078 2281 1197 2360 gentes
1219 2296 1270 2341 oc-

129 2387 411 2453 cidentalem'citra
432 2385 544 2451 Albim
565 2395 685 2451 terram
715 2388 895 2452 incolentes
923 2406 963 2450 ac
983 2394 1101 2471 postea
1128 2389 1269 2472 propriis

129 2502 322 2578 Chattorum
335 2499 705 2584 Hermundurorumque
722 2499 906 2568 nominibus
928 2499 1111 2584 appellatas
1121 2499 1270 2586 intellegi

130 2613 275 2678 Zeuseius
284 2615 334 2680 vir
345 2611 552 2678 doctissimus
565 2609 881 2696 demonstravitum
893 2633 925 2696 p.
937 2611 978 2675 55
988 2631 1072 2695 sqq.3
1085 2612 1126 2676 94
1137 2613 1201 2695 sq.)
1210 2609 1269 2694 Μ’).

129 2723 213 2790 Cum
242 2722 305 2788 hac
336 2724 498 2788 sententia
521 2722 604 2786 bene
628 2730 811 2808 congruunt
835 2719 979 2786 Caesaris
1000 2723 1063 2790 loci
1086 2721 1123 2786 Β.
1147 2721 1187 2788 G.
1209 2722 1268 2804 IV,

130 2837 240 2916 1-4.,
272 2835 328 2898 ubi
350 2833 507 2919 Usipetes
537 2834 799 2916 Teucterosqm,
831 2854 914 2917 quos
951 2831 1066 2897 Chattis
1098 2837 1269 2919 proximos

127 2946 209 3011 facit
231 2944 366 3012 Tacitus
388 2967 415 3012 c.
427 2947 493 3030 325
512 2967 533 3010 a
548 2943 655 3009 Socha
676 2951 766 3009 trans
788 2943 940 3010 Rhenum
962 2945 1075 3036 pulsos
1096 2967 1170 3012 esse
1190 2966 1269 3011 nar-

126 3065 197 3138 ret,
221 3065 256 3120 et
278 3057 314 3122 B.
340 3056 379 3122 G.
403 3056 468 3138 VI,
493 3059 553 3138 10„
577 3055 632 3122 ubi
655 3055 841 3122 Cheruscos
864 3063 898 3120 et
921 3056 1036 3120 Suebos
1057 3059 1195 3122 invicem
1217 3060 1269 3124 in-

126 3169 234 3233 festos
257 3189 331 3236 esse
353 3168 463 3251 tradit,
486 3189 559 3234 cum
571 3167 705 3233 Tacitus
724 3167 848 3231 Chattos
872 3189 945 3232 oum
959 3167 1134 3233 Cheruscis
1156 3177 1269 3237 aetere

126 3303 204 3344 num
227 3279 415 3346 discordare
438 3281 540 3345 refert
561 3280 646 3343 Anu.
669 3279 751 3361 XII,
775 3280 826 3343 28.

1165 3453 1268 3462 ,ιη-

216 3572 260 3640 ¹⁵³)
279 3573 330 3624 Ed.
348 3573 504 3628 Mommsen.
523 3575 589 3624 Tab.
608 3575 642 3625 V.
661 3588 705 3625 vv.
725 3575 757 3624 16
776 3587 832 3638 sqq.
852 3588 877 3638 p.
895 3571 1013 3623 LXXX.

218 3667 264 3735 ¹⁸⁰)
282 3669 322 3720 Cf.
341 3667 496 3722 Mommsen.
523 3669 571 3735 „Is
591 3666 642 3719 G.“
665 3666 712 3718 ΙΙΙ.
735 3683 761 3733 p.
780 3667 839 3718 281.
864 3665 905 3716 ed.
929 3665 977 3718 1v.
1003 3672 1106 3718 annot:
1134 3662 1268 3732 „Caesare

126 3765 238 3816 Suehen
256 3767 316 3817 sind
335 3765 560 3816 wahrscheinllch
580 3765 623 3815 dle
642 3763 770 3826 Chatten3
799 3763 865 3813 aher
883 3762 1003 3814 dieeelhe
1021 3763 1188 3829 Benennuug
1205 3764 1268 3814 kam

125 3860 219 3910 sicher
236 3875 270 3909 au
288 3857 473 3912 CaesarsZeit
484 3858 539 3908 und
558 3859 627 3908 noch
644 3859 700 3910 viel
717 3862 811 3923 apator
822 3857 995 3922 auchjedem
1005 3856 1106 3907 andern
1120 3857 1269 3908 deutschen

126 3951 249 4004 Stamms
272 3967 321 4018 ru,
349 3952 397 4004 der
423 3953 464 4002 als
490 3955 535 4002 ein
562 3951 740 4017 regelmitssig
767 3950 948 4002 wandemder
972 3949 1133 4000 bereiohuet
1157 3951 1268 4002 werden
1387 4023 1391 4028 .

125 4049 258 4100 konntaf‘
338 4081 340 4086 -

215 4145 292 4205 Quae
319 4143 353 4195 de
378 4141 475 4194 Suebis
501 4145 593 4192 narrat
617 4139 730 4206 Caesar,
759 4141 919 4205 plerumque
947 4143 975 4189 in
1001 4153 1094 4190 omues
1119 4139 1268 4190 Germanos

126 4241 263 4304 quadrare
282 4251 322 4288 ex*
335 4235 431 4289 Tacito
451 4236 587 4288 discimus.
623 4235 723 4286 Plures
739 4239 834 4300 gentas
852 4233 898 4285 illo
920 4215 1034 4286 nomine¹
1045 4235 1098 4285 hoc
1115 4239 1188 4284 certe
1206 4231 1268 4284 laod

126 4331 407 4398 comprehenduntur:
439 4331 563 4398 „scema
588 4329 683 4380 omues
706 4332 733 4378 ln
758 4339 842 4378 unum
864 4330 954 4378 locum
974 4331 1066 4392 coplas
1080 4327 1167 4394 'agere
1186 4334 1268 4393 atque

125 4433 159 4479 iis
177 4428 342 4494 cruoribus,
360 4419 430 4492 qc'ae
445 4427 496 4488 sub
510 4435 603 4476 eorum
619 4427 673 4475 slot
689 4426 814 4489 imperio,
832 4422 1000 4488 denuntiare,
1019 4427 1051 4472 ut
1067 4423 1170 4473 suxllls
1186 4419 1268 4487 pediu

126 4529 203 4577 tatus
221 4524 411 4589 equitatusque
429 4520 556 4574 mittant“
576 4519 619 4587 (B.
638 4517 671 4570 G.
689 4515 738 4585 VI,
759 4515 822 4582 10.).
849 4515 889 4567 Gr.
908 4520 992 4569 etlam
1001 4513 1269 4581 Dubhiuml.l.p.di
