3446 5380
1284 521 1346 587 109

203 723 207 731 ·
289 691 452 776 Equidem
476 711 673 776 quamquem
695 691 738 756 ad
761 691 913 756 iudicium
927 689 968 755 de
984 693 1208 775 antiquissimu
1220 691 1347 758 Roma-

199 827 317 868 norum
340 808 410 868 iure
433 804 564 890 publico
586 804 758 868 ferendum
782 805 861 868 nihil
882 803 1010 868 referre
1030 804 1115 868 duco
1137 807 1208 870 sive
1231 805 1346 869 Livius

199 920 274 980 sive
297 915 431 980 Tacitus
455 937 567 980 verum
596 915 785 998 tradiderit,
817 923 944 998 temen,
975 893 1157 1000 siquidem
1181 924 1280 981 certa-
1296 926 1347 982 est

198 1028 290 1092 Livii
311 1031 470 1110 narratio,
494 1028 643 1094 Tacitum
666 1029 728 1092 hac
750 1031 784 1092 in
805 1047 842 1093 re
861 1031 1022 1094 erravisse
1046 1025 1228 1094 concedere
1250 1029 1345 1094 malo.

196 1141 249 1205 At
272 1143 299 1205 si
322 1144 439 1224 quovis
461 1143 569 1226 pretio
592 1140 658 1206 duo
684 1140 732 1204 illi
753 1163 862 1206 rerum
885 1143 1063 1228 scriptores
1091 1145 1176 1206 inter
1206 1163 1243 1206 se
1263 1161 1346 1206 con·

198 1253 332 1316 ciliandi
351 1262 471 1332 essent,
489 1274 663 1336 numquam
677 1273 750 1317 cnm
757 1251 1231 1318 ErnestioRubinoneRittero
1243 1253 1346 1318 verba

196 1365 422 1450 sophistarum
449 1385 539 1430 more
561 1365 809 1448 detorquerem,
839 1365 900 1430 sed
927 1369 1038 1451 potius
1069 1369 1194 1452 opinari
1215 1366 1345 1430 mallem

197 1478 319 1542 Tacito
335 1498 467 1561 quoque
483 1479 585 1542 semel
599 1477 634 1541 id
653 1477 729 1541 mali
747 1476 924 1558 accidisse,
948 1487 984 1542 ut
995 1479 1128 1542 summis
1145 1481 1211 1542 ima
1224 1480 1345 1542 misee-

182 1595 264 1673 ret,
280 1611 418 1674 eumque
436 1590 638 1654 sicscribere
650 1590 808 1654 voluisse:
835 1589 1021 1672 ,creatique
1041 1591 1179 1674 primum
1192 1589 1344 1654 Valerius

195 1703 334 1767 Potitus
358 1711 391 1766 et
401 1701 562 1766 Aemilius
580 1699 767 1766 Mamercus
788 1703 1018 1785 sexagensimo
1041 1703 1139 1765 tertio
1162 1721 1251 1786 anno,
1269 1710 1346 1786 post
1432 1775 1434 1782 s

196 1814 399 1897 Tarquinios
430 1822 584 1894 exactos,
617 1813 670 1896 qui
691 1811 810 1876 Romae
832 1819 992 1878 curarent.
1026 1813 1345 1900 deingliscentibus

195 1929 344 2012 negotiis
365 1925 432 1990 duo
455 1925 568 2006 additi,
591 1931 625 1988 ut
646 1943 712 1988 rem
734 1925 898 1988 militarem
920 1925 1158 1987 comitarentur“
1174 1923 1241 2008 ²⁹³).

290 2035 385 2115 Quae
407 2035 563 2120 deinceps
586 2035 629 2100 de
650 2055 786 2099 numero
807 2044 1021 2118 quaestorum
1043 2035 1345 2120 ampliuto'lacitus

198 2151 378 2212 memoriae
400 2148 525 2233 prodit,
549 2151 612 2210 iam
635 2167 699 2210 non
723 2150 962 2232 impugnantur.
1019 2142 1022 2150 ’

288 2580 376 2660 Quid
407 2583 505 2664 igitur
535 2584 616 2644 certi
651 2603 693 2644 ex
724 2581 786 2646 liae
809 2585 1082 2648 commentatione
1104 2584 1199 2649 nobis
1229 2583 1346 2658 lucrati

199 2713 278 2756 esee
302 2691 482 2773 videamur,
504 2691 554 2756 his
577 2695 691 2776 paucis
714 2692 823 2756 verbis
847 2693 1113 2777 complectimini
1152 2682 1171 2714 '⁴

290 2784 336 2868 1.'
352 2803 453 2889 Apud
481 2803 605 2869 nullum,
631 2812 779 2868 veterum
809 2813 978 2868 auctorum
1007 2804 1102 2888 plura
1130 2822 1226 2887 quum
1258 2805 1346 2889 apud

199 2915 353 2978 Tacitum
376 2915 418 2980 de
440 2923 620 2998 quaestura
640 2917 857 2980 inveniuntur.

290 3029 319 3090 2.
353 3027 517 3105 Quantum
552 3025 594 3092 de
629 3028 855 3109 antiquissimu
884 3025 1106 3092 Romanorum
1141 3047 1178 3089 re
1213 3027 1345 3110 publica
1438 3013 1442 3018 ’

198 3139 352 3202 conicere
382 3158 571 3220 possumus,
606 3137 713 3202 Taciti
742 3138 843 3202 verba
872 3159 936 3202 non
966 3145 1114 3222 pugnant
1142 3157 1212 3201 oum
1235 3139 1344 3221 prisco

197 3249 425 3312 Romanorum
446 3250 517 3312 iure
540 3248 681 3332 publico.

288 3360 317 3423 3.
352 3359 447 3438 Quae
479 3359 598 3442 reliqui
627 3361 807 3443 scriptores
840 3359 971 3426 diversa
1008 3382 1028 3424 a
1056 3360 1171 3426 Tacito
1192 3360 1344 3442 'tradunt

197 3493 267 3536 non
290 3481 365 3536 sunt
387 3492 428 3538 ea
450 3471 570 3554 quibus
591 3473 747 3536 maiorem
770 3470 870 3538 fidem
892 3471 1080 3538 habeamus.

289 3843 335 3910 ²⁹⁷)
352 3845 397 3894 Nil
416 3847 480 3906 novi
498 3843 548 3892 aab
568 3843 633 3892 sole.
657 3841 764 3892 Etenim
777 3846 938 3907 scripseram
953 3846 1005 3894 iem
1019 3845 1344 3908 meamdissertatiouem,

202 3953 264 3991 cum
281 3940 347 3991 mihi
364 3943 392 3990 tn
409 3951 505 3988 manus
523 3942 598 3989 venit
612 3931 750 3991 Witta'clu'i
763 3941 964 4003 commentatio,
981 3951 1062 4002 quam
1081 3951 1165 4002 supra
1181 3944 1271 3988 annot.
1286 3939 1343 3989 223.
1392 3999 1396 4008 ε

200 4035 320 4086 laudaui.
345 4035 387 4085 Ac
405 4037 500 4086 mirum
511 4033 583 4098 quod
601 4035 647 4086 ille
663 4033 817 4086 iraeadem
831 4037 1014 4106 suspicionem
1034 4035 1174 4099 inciderit3
1191 4049 1243 4086 neo
1253 4040 1344 4090 taimen

201 4133 256 4195 ipsi
274 4131 368 4181 'l’acIto
387 4130 436 4180 sed
454 4130 564 4180 librario
590 4144 649 4180 eam
673 4130 859 4180 confusionem
884 4130 1008 4181 attribuit
1033 4130 1075 4182 his
1094 4131 1185 4182 verbis
1203 4131 1241 4196 (p.
1261 4129 1342 4195 lili:

202 4224 287 4292 „Quis
303 4225 412 4276 tandem
430 4241 465 4276 ex
483 4225 534 4274 hac
553 4239 614 4274 sese
633 4225 792 4274 contusione
809 4223 960 4290 expediret,
978 4227 1031 4275 nisi
1048 4226 1143 4277 liceret
1160 4229 1187 4276 in
1205 4225 1251 4276 illo
1270 4223 1343 4289 apud

202 4322 327 4372 Tacitum
344 4322 405 4371 loco
424 4320 531 4371 odorari
548 4319 720 4370 librariorum
739 4319 940 4384 corruptelam?
971 4318 1086 4372 Scilicet
1101 4321 1188 4372 oculis
1205 4335 1258 4372 non
1274 4335 1343 4370 con-

202 4419 273 4466 stitit
290 4419 316 4465 in
334 4415 512 4466 describendo
530 4415 657 4465 librarius
675 4419 703 4464 et
721 4414 755 4462 ab
768 4414 854 4463 altera
866 4416 892 4463 in
911 4414 1024 4464 aiteram
1034 4416 1104 4466 male
1115 4419 1223 4467 transiit
1234 4416 1342 4465 lineam.

176 4504 178 4510 ¹
202 4510 297 4574 Itaque
315 4515 408 4560 textus
426 4525 491 4559 suae
510 4512 548 4558 ita
565 4511 727 4558 restituatur
745 4510 925 4572 integritati:“
945 4513 995 4559 etc.
1009 4513 1040 4560 ut
1055 4521 1106 4560 noe
1123 4525 1206 4574 supra
1219 4511 1341 4560 lecimus.
