3530 5374
179 671 270 757 XIII,
293 675 343 740 26.
367 674 408 741 de
430 675 513 742 laesi
533 681 663 763 patroni
685 681 718 744 in
740 679 893 746 libertum
914 685 994 749 iure.

295 788 344 851 27.
368 788 409 854 de
433 789 560 856 duabus
583 813 679 858 mauu
702 794 853 859 mittendi
875 797 1058 881 speciebus.

293 901 428 965 28-29,
452 902 494 968 de
523 907 640 969 aerarii
678 904 957 972 administratione
992 909 1209 991 (quaestores.
1249 907 1310 972 sub

365 1012 517 1098 Augusto
532 1016 693 1098 praefecti
708 1026 859 1096 asenatu
874 1017 1002 1082 delecti.
1026 1017 1100 1082 dein
1118 1040 1161 1082 ex
1175 1040 1310 1082 numero

366 1135 553 1208 praetorum
577 1136 665 1192 sorte
688 1127 786 1193 ducti.
809 1128 871 1194 sub
894 1128 1032 1194 Claudio
1055 1151 1182 1194 rursum
1206 1150 1311 1213 quae-

366 1247 483 1302 stores.
520 1239 583 1304 sub
617 1239 750 1306 Nerone
787 1241 947 1325 praefecti
982 1251 1135 1325 praetura
1173 1242 1309 1325 functi);

365 1350 409 1412 of.
431 1349 495 1432 XI,
521 1352 577 1432 22;
600 1349 686 1417 IIist.
709 1351 768 1432 IV,
791 1355 820 1416 9.

293 1462 344 1526 32.
367 1463 612 1547 patrisfamilias
630 1473 779 1550 potestas
795 1465 836 1531 de
854 1469 962 1552 capite
980 1467 1133 1551 famaque
1154 1470 1310 1552 coniugis.

292 1574 342 1637 57.
365 1573 668 1641 Hermundurorum
691 1576 950 1662 Chattorumque
973 1579 1159 1664 religiones.

297 1685 346 1748 58.
369 1685 411 1750 de
435 1687 552 1750 arbore
574 1685 739 1750 Ruminali
761 1690 793 1751 in
818 1691 957 1753 comitio.

175 1794 268 1876 XIV,
298 1797 434 1864 20-21.
457 1800 499 1864 de
522 1797 608 1866 ludis
631 1807 665 1866 ot
694 1801 890 1886 spectaculis
913 1802 947 1882 (a
970 1801 1087 1868 Tuscis
1115 1805 1212 1867 acciti
1241 1804 1312 1867 his-

368 1914 501 1994 triones,
523 1935 544 1977 a
561 1912 692 1979 Thuriis
715 1935 872 1997 equorum
895 1913 1101 1995 certamina),
1126 1914 1166 1977 ci.
1179 1911 1237 1994 IV,
1263 1916 1312 1976 14.

296 2022 347 2085 27.
369 2023 412 2087 de
434 2023 578 2090 coloniis.
950 2003 954 2010 ’

293 2135 343 2198 30.
366 2133 514 2200 Britanni
536 2156 652 2200 cruore
674 2139 805 2223 captivo
828 2137 962 2201 adolere
992 2157 1066 2202 aras
1090 2145 1122 2201 et
1150 2135 1312 2198 homiuum

367 2247 458 2312 fibris
481 2247 652 2312 consulere
675 2246 756 2312 deos
778 2248 829 2313 ias
852 2246 1025 2312 habebant

296 2357 346 2423 35.
369 2357 534 2422 Britannis
556 2359 749 2424 feminarum
772 2359 872 2423 ductu
893 2359 1017 2424 bellare
1041 2359 1181 2424 solitum.

294 2471 346 2532 42.
368 2469 492 2534 familia
514 2473 618 2534 omnis
640 2469 683 2534 ad
706 2471 900 2556 supplicium
923 2481 1016 2554 acta,
1040 2472 1081 2535 of.
1103 2469 1201 2551 XIII,
1225 2471 1276 2535 32.

175 2577 258 2657 XV,
297 2579 347 2641 20.
371 2577 484 2644 Cincio
506 2581 643 2665 rogatio.
673 2579 776 2644 Iuliae
800 2579 900 2665 leges.
925 2578 1101 2666 Calpurnia
1123 2582 1215 2644 scita.

294 2690 344 2752 21.
367 2689 443 2753 olim
476 2691 597 2775 privati
635 2691 732 2755 otiam
765 2691 993 2773 mittebantur,
1037 2692 1093 2774 qui
1130 2693 1314 2777 provincias

367 2806 521 2870 viserent.

294 2914 345 2977 32.
368 2913 506 2998 delego
529 2913 659 2978 Roscia.

293 3027 346 3088 41.
369 3025 525 3110 templum
547 3025 663 3090 Lunae
685 3047 706 3089 a
728 3024 844 3092 Servio
866 3025 974 3090 Tullio
998 3013 1176 3104 sacratum
1198 3045 1316 3108 magna

369 3158 426 3200 ara
464 3138 663 3222 fanumque,
710 3159 794 3222 quae
835 3141 1002 3223 praesenti
1041 3136 1177 3200 Herculi
1212 3135 1316 3198 Arcas

368 3245 523 3313 Evander
557 3255 765 3330 sacraverat;
805 3247 905 3312 aedes
937 3246 1078 3313 Statoris
1112 3244 1201 3308 Iovis
1239 3255 1317 3308 vota

367 3359 527 3441 Romu103
564 3358 692 3424 Numae
726 3362 832 3443 regia,
876 3357 1047 3423 delubrum
1082 3356 1206 3420 Vestae
1245 3378 1316 3419 cum

368 3471 548 3536 Penatibus
563 3470 677 3555 populi
690 3469 831 3534 Romani
844 3477 973 3534 exusta.
998 3466 1085 3532 XIV
1095 3466 1158 3531 kal.
1170 3465 1317 3532 Sextiles

369 3585 562 3668 principium
584 3581 726 3648 incendii
747 3581 843 3646 huius
867 3591 993 3662 ortum,
1024 3602 1088 3665 quo
1113 3589 1146 3647 et
1168 3577 1316 3646 Senones

369 3701 498 3778 captam
522 3693 634 3760 urbem
657 3692 949 3758 inflammaverunt.

299 3805 348 3868 74.
371 3813 468 3869 vetus
490 3803 592 3871 aedes
618 3802 705 3870 Solis
727 3805 761 3866 in
784 3805 880 3867 circo.
1052 3869 1053 3874 ,

169 3913 277 3996 XVI,
318 3918 347 3978 1.
368 3915 457 3979 Dido
500 3916 705 3997 Phoenissa,
748 3912 839 3999 Tyro
880 3913 1040 3998 profuga,
1084 3911 1316 3998 Carthaginem

370 4026 526 4092 condidit

296 4141 347 4203 21.
370 4138 439 4203 ludi
461 4139 486 4222 †
508 4142 626 4205 oetasti
644 4139 765 4204 Patavi
784 4159 805 4202 a
821 4135 1145 4202 Troiaquntenore
1168 4136 1316 4198 instituti.

646 4432 848 4444 ...—.....-.--
