3530 5374
1281 537 1321 606 lt

187 709 316 794 quidem
338 709 575 780 obtrectatores
598 708 760 792 defuisse,
783 709 902 795 quibus
924 711 1049 792 intulere
1070 717 1099 776 ct
1121 717 1239 776 trecens
1260 730 1322 775 nec

187 824 264 888 setis
291 843 443 909 pressus,
477 823 538 890 scd
567 843 664 907 erepto
693 823 818 888 modom
846 823 988 888 οωᾱαπσ
1022 830 1051 888 ct
1077 824 1266 908 roprrjioens
1288 831 1322 888 et

187 955 297 1019 perum
319 937 473 1018 antiquus
494 934 672 1003 videretur.
706 933 853 1021 Legistis
874 936 989 1018 utique
1011 942 1046 1000 et
1069 933 1158 998 Caici
1180 941 1208 999 ct
1230 933 1324 998 erti

188 1047 227 1112 od
240 1043 416 1112 Ciceronem
432 1048 543 1114 muros
562 1047 717 1132 epinicion
741 1067 784 1114 ex
801 1047 921 1132 quibus
938 1045 1036 1115 focile
1059 1055 1110 1114 est
1135 1047 1324 1132 deprehen-

189 1157 265 1226 dere
287 1158 424 1226 salvum
447 1159 580 1245 quidem
603 1159 755 1228 Ciceroni
776 1159 882 1228 visum
906 1180 1106 1245 exsanguem
1129 1159 1323 1241 standum,

188 1272 322 1339 Brutum
333 1281 443 1339 cutem
454 1275 593 1338 otiosum
608 1280 709 1356 etque
720 1270 915 1353 diiunctum
939 1293 1121 1356 rursusque
1132 1269 1323 1338 Ciceronem

188 1383 330 1450 acano
354 1383 487 1468 quidem
508 1383 594 1450 mele
623 1383 757 1450 audisse
778 1391 944 1468 temquom
967 1383 1099 1450 odotem
1122 1390 1323 1462 etecusam,

188 1495 319 1560 nBruto
336 1504 456 1578 autem,
478 1505 515 1562 ut
535 1498 638 1582 ipsios
657 1493 765 1562 verbis
787 1503 871 1576 uter,
895 1504 1061 1579 temqnom
1076 1496 1216 1576 froctnm
1233 1501 1324 1580 utque

189 1609 352 1674 cicmhom“
367 1607 415 1692 ³⁹).

177 1735 179 1740 ’
274 1721 345 1804 „De
367 1723 603 1807 compositione
625 1743 689 1786 non
707 1721 858 1808 equidem
875 1730 953 1806 post
964 1721 1009 1788 M.
1022 1719 1165 1784 Tullium
1181 1717 1325 1788 scribere

187 1833 339 1900 cuderem
363 1881 370 1898 .
393 1881 432 1898 ..
462 1835 524 1902 nisi
557 1843 591 1900 et
620 1834 766 1902 eiusdem
796 1836 915 1900 aetatis
946 1832 1093 1898 homines
1128 1833 1250 1916 scriptis
1284 1832 1327 1894 od

188 1947 286 2030 mcum
314 1947 406 2012 otium
439 1947 546 2010 litteris
573 1944 816 2030 reprehendere
845 1945 878 2008 id
909 1943 1089 2010 collocandi
1121 1965 1225 2030 genus
1254 1945 1327 2008 cusi

188 2059 347 2126 fuissent“
362 2059 412 2142 ⁸⁰).
450 2057 618 2139 „Transeo
640 2055 726 2137 illos,
749 2058 805 2140 qui
818 2053 968 2124 Ciceroni
990 2076 1030 2120 nc
1047 2055 1263 2121 Demostheni
1284 2073 1326 2120 ue

189 2173 220 2236 in
243 2170 430 2253 eloquentie
452 2169 585 2254 quidem
607 2171 688 2234 setis
710 2167 874 2247 tribuunt3
912 2187 1099 2252 quenquam
1125 2187 1233 2251 neque
1264 2168 1328 2251 ipsi

190 2281 339 2350 Ciceroni
361 2281 601 2350 Demosthenes
624 2280 776 2346 videntur
799 2283 880 2346 setis
907 2300 981 2346 esse
1008 2279 1196 2364 perfectus,
1228 2299 1327 2363 quem

190 2393 365 2465 dormitare
386 2396 515 2460 iuterim
538 2394 627 2476 dicit,
649 2413 710 2460 neo
727 2393 844 2460 Cicero
859 2393 957 2461 Bruto
970 2391 1135 2476 Caluoque,
1158 2393 1214 2475 qui
1237 2399 1328 2458 certe

189 2509 457 2592 compositionem
491 2506 578 2602 illins
609 2509 705 2572 etiem
739 2505 827 2591 epud
860 2508 965 2590 ipsum
998 2501 1261 2589 reprehendunt“
1278 2502 1328 2586 ⁴¹).

192 2619 316 2698 „Quem
339 2616 466 2682 temen“
492 2616 714 2701 (Ciceronem)
738 2626 793 2700 „et
815 2637 948 2682 suorum
971 2616 1119 2682 homines
1142 2624 1324 2700 temporum

187 2731 351 2796 incessere
372 2728 539 2794 sudcbsnt
560 2737 596 2793 ut
618 2729 812 2794 tumidiorem
834 2737 868 2794 et
880 2727 1038 2796 Asianum
1056 2736 1090 2794 et
1106 2726 1329 2792 redundantem

188 2851 223 2906 et
243 2843 276 2904 in
298 2841 546 2925 repetitionibus
570 2843 702 2906 nimium
726 2851 759 2906 et
781 2843 814 2904 in
835 2839 959 2906 solibus
978 2838 1154 2923 uliqusndo
1172 2837 1328 2926 frigidum

188 2959 222 3017 et
239 2954 273 3015 in
290 2954 507 3038 compositione
521 2953 669 3034 frontum,
693 2952 880 3020 emittentem
902 2972 942 3018 cc
962 2971 1078 3036 poene,
1102 2949 1191 3036 quod
1213 2949 1328 3036 procul

187 3058 285 3140 obsit,
307 3062 375 3126 ciro
396 3061 586 3126 moltiorcm“
601 3059 650 3145 ⁴²).

275 3173 380 3238 Porro
412 3175 515 3258 inepti
546 3176 705 3240 sermonis
728 3173 870 3240 Tullioni
903 3175 1083 3242 imitatores
1113 3174 1156 3239 sb
1185 3183 1326 3259 utroque

187 3286 312 3368 pariter
334 3281 548 3349 denotentur:

247 3447 249 3452 ,
276 3393 383 3478 „Nolo
415 3395 557 3462 inridere
579 3403 681 3462 cotom
702 3395 861 3462 Fortoooc
884 3404 919 3460 et
939 3398 988 3474 ios
1008 3398 1166 3460 censum
1187 3405 1223 3464 et
1248 3397 1329 3462 illud

188 3508 286 3571 tertio
316 3527 449 3592 quoque
482 3529 581 3576 sensu
614 3511 647 3574 in
677 3509 827 3574 omnibus
854 3509 1054 3576 cretionibus
1085 3532 1145 3597 pro
1167 3516 1331 3580 sententis

187 3622 332 3704 positum
356 3639 420 3686 csso
442 3622 590 3686 videntur.
623 3645 697 3688 nem
730 3631 764 3688 et
790 3623 874 3691 haec
904 3625 1027 3688 invitus
1049 3623 1167 3688 rettuli¹
1184 3633 1217 3690 et
1237 3624 1331 3710 pluro

188 3733 302 3813 omisi,
334 3754 413 3816 quoe
440 3739 541 3800 tomen
569 3734 636 3798 roto
665 3737 818 3801 mirentur
847 3741 938 3818 otqoc
965 3736 1141 3818 reprimunt
1165 3737 1190 3799 ii
1217 3739 1271 3819 poi
1299 3757 1331 3802 tc

188 3846 332 3928 antiquos
353 3852 493 3912 orotorcr
513 3845 642 3910 somne
661 3843 710 3930 ⁴⁸).

188 4037 295 4045 ——m

193 4157 196 4162 '
279 4151 289 4186 ⁸
331 4155 402 4207 Diel.
422 4158 468 4219 183
487 4127 526 4208 cs.¹
541 4173 564 4208 c.
582 4159 624 4210 82.

331 4247 444 4319 Qcitttt'i.
463 4251 514 4319 IX,
532 4254 558 4318 t,
578 4255 601 4303 1.

331 4441 372 4492 n.
390 4443 455 4508 xm,
476 4445 517 4508 10,
537 4444 577 4494 12.

290 4155 312 4221 ⁹)

279 4250 312 4316 to)

279 4347 313 4413 ⁴¹)
332 4347 372 4398 n.
389 4347 455 4414 xn,
475 4350 499 4414 1,
518 4348 560 4398 m.

280 4440 313 4507 tl)

280 4537 315 4603 ⁴⁸)
332 4537 402 4592 nnn
422 4539 464 4589 nn.
