3530 5374
343 480 363 542 6

343 660 442 734 atque
466 654 569 736 omnis
591 653 721 716 honesti
743 652 886 732 iustique
899 651 1101 735 disciplinam
1115 650 1388 736 pertractandam,
1412 653 1501 716 sine‘

344 783 409 846 qua
430 765 590 828 neminem
621 783 682 827 nec
709 765 814 826 virum
845 762 964 826 bonum
996 783 1069 854 esse
1096 783 1158 827 nec
1183 761 1315 852 dicendi
1341 764 1482 847 peritum

342 897 441 959 posse
465 873 559 956 (XII,
583 877 613 956 2,
639 876 691 956 1.).
746 873 899 938 Debebat
920 875 1019 957 igitur
1041 873 1221 958 discipulus
1244 877 1350 966 omnia
1371 873 1482 959 philo-

344 987 520 1072 sophorum
542 993 720 1071 praecepta
743 1006 953 1071 cognoscere,
976 1007 1040 1049 non
1063 989 1153 1049 utin
1177 987 1366 1070 cuiusquam
1390 987 1482 1073 leges

342 1101 466 1162 iuraret
488 1097 547 1163 sed
571 1099 693 1182 optima
716 1116 867 1180 quaeque
889 1100 921 1160 in
944 1119 1036 1162 suum
1060 1119 1153 1162 usum
1176 1107 1398 1180 converterat;
1421 1119 1483 1162 ne-

344 1233 408 1296 que
432 1213 515 1274 enim
539 1209 637 1274 licere
667 1217 724 1272 aut
745 1209 925 1272 naturalem
955 1195 1012 1273 aut
1034 1210 1187 1273 moralem
1212 1218 1270 1273 aut
1290 1209 1482 1274 rationalem

342 1322 570 1408 philosophiae
593 1323 720 1406 partem
742 1320 784 1384 ab
807 1329 937 1384 oratore
961 1342 1034 1386 esse
1052 1322 1190 1385 alienam
1208 1321 1303 1404 (XII,
1317 1323 1367 1402 2.).
1397 1319 1481 1385 Iuris

345 1451 476 1513 quoque
500 1430 605 1494 civilis
627 1438 662 1494 et
683 1451 808 1493 morum
831 1451 870 1492 ac
892 1429 1085 1514 religionum
1109 1430 1324 1515 reipublicae
1347 1433 1483 1504 selentia

343 1541 385 1606 ab
410 1562 449 1606 eo
473 1539 667 1624 exigebatur
690 1539 786 1622 (XII,
800 1543 830 1620 3,
845 1542 887 1617 1.)
901 1541 938 1624 ⁶).
983 1541 1135 1626 Denique
1159 1540 1482 1608 animadvertendum

344 1675 418 1718 esse
439 1661 535 1738 puto,
566 1673 785 1738 quamsaepe
808 1653 1025 1732 Quintilianus
1047 1633 1193 1717 futurum
1216 1661 1378 1717 oratorem
1402 1654 1482 1718 hor-

343 1773 440 1846 tetur,
463 1773 499 1828 ut
521 1765 673 1828 historias
695 1763 785 1852 legat
807 1764 864 1848 (II,
889 1765 918 1843 5,
944 1767 979 1846 13
1000 1764 1048 1846 X,
1063 1767 1091 1846 1,
1110 1765 1168 1846 313
1193 1763 1274 1844 XII,
1290 1766 1320 1846 2,
1338 1760 1481 1849 b9sqq.;

343 1878 424 1959 XII,
447 1878 501 1961 4.).

429 1989 578 2054 Tacitum
600 1999 709 2054 autem
731 1991 817 2054 serio
838 2009 970 2073 operam
982 1987 1130 2070 dedisse,
1153 1997 1189 2053 ut
1209 2011 1294 2073 quae
1317 1991 1349 2052 in
1368 1989 1482 2054 schola

344 2101 527 2182 didicisset,
556 2103 590 2164 in
613 2121 813 2165 communem
837 2102 954 2164 civium
984 2100 1121 2164 salutem
1151 2099 1340 2180 adhiberet,
1371 2121 1414 2164 ex
1442 2122 1481 2164 eo
1522 2151 1527 2168 ,

345 2212 501 2299 colligere
530 2213 624 2292 licet,
653 2210 742 2295 quod
768 2213 850 2275 mira
879 2201 1058 2276 studiorum
1082 2211 1260 2296 cupiditate
1285 2219 1318 2276 et
1340 2211 1483 2295 quodam

344 2326 462 2390 ardore
483 2325 634 2413 iuvenili¹
651 2325 697 2388 M.
709 2325 835 2410 Aprum
860 2333 894 2389 et
909 2324 1026 2388 Iulium
1046 2322 1248 2406 Secundum,
1271 2325 1483 2390 celeberrima

345 2446 413 2502 tum
442 2435 507 2501 fori
538 2439 686 2521 ingenia,
728 2444 761 2500 et
790 2435 877 2500 domi
911 2444 945 2499 et
979 2438 1012 2499 in
1040 2435 1171 2520 publico
1202 2431 1433 2500 adnectebatur
1446 2434 1482 2516 ²),

345 2548 483 2614 Curiatii
506 2567 637 2632 quoqne
659 2547 802 2612 blatea-ni
824 2555 859 2612 et
880 2547 1032 2632 Vipstani
1051 2546 1218 2612 blembas
1243 2546 1482 2612 consuetudine

344 2659 518 2742 utebatur,
548 2661 612 2722 iam
634 2657 897 2724 adolescentulus
920 2664 1006 2722 teste
1027 2657 1135 2722 Plinio
1146 2655 1173 2740 Β)
1201 2656 1289 2720 fama
1311 2655 1483 2742 gloriaque

343 2770 491 2836 florebat.

429 2898 484 2961 Ad
507 2919 590 2982 quos
611 2901 733 2984 primos
756 2899 803 2962 rei
826 2897 978 2982 publicae
1008 2897 1149 2962 honores
1171 2892 1375 2976 ascenderit,
1404 2893 1484 2958 nibil

345 3012 425 3076 certi
446 3012 631 3075 asseverari
653 3017 765 3095 potest
777 3009 822 3092 ⁹)3
852 3010 910 3074 sed
939 3018 1048 3074 tamen
1077 3007 1213 3093 aliquod
1241 3007 1483 3093 vigintiviratus

349 3205 671 3212 -----—---—-----
694 3205 937 3210 mm-
945 3199 1482 3210 .--..—.-.--....-—-..--------

431 3319 453 3386 ⁶)
472 3320 513 3372 Gi.
532 3321 601 3372 Hist.
622 3322 644 3388 I,
665 3323 688 3386 1,
706 3320 753 3371 ubi
770 3319 881 3370 Tacitus
900 3334 1010 3370 suorum
1027 3323 1179 3384 temporum
1197 3334 1288 3370 rerum
1306 3318 1483 3384 scriptoribus

343 3417 477 3466 inscitiam
495 3418 534 3466 rei
552 3415 677 3479 publicae
694 3419 727 3464 ut
744 3415 848 3466 alienae
859 3413 1022 3478 ,exprobrat

431 3508 453 3573 1)
471 3507 541 3558 nial.
561 3509 584 3557 a.
1039 3489 1041 3496 '

431 3601 451 3665 ⁸)
470 3599 538 3666 Epp.
555 3601 617 3666 VII,
636 3603 677 3652 20.
713 3591 847 3662 Quamdiu
872 3601 984 3651 TacItus
1007 3601 1083 3664 apud
1107 3589 1306 3666 centumvlr'os,
1337 3616 1406 3664 quae
1430 3615 1485 3651 une

343 3699 400 3747 fere
422 3698 528 3746 occasio
548 3694 718 3758 eloquentiae
732 3695 902 3745 exhibendae
923 3698 981 3745 tum
1003 3694 1132 3760 dabatur,
1150 3698 1257 3760 patroni
1280 3699 1482 3746 accusatorisve

342 3797 434 3856 partes
454 3793 538 3842 tuitus
556 3793 607 3855 sit,
625 3791 698 3840 haud
716 3792 774 3840 scio
792 3804 827 3839 an
844 3792 980 3853 possimus
999 3790 1163 3842 concludere
1183 3807 1218 3842 ex
1236 3789 1307 3840 Plin.
1324 3789 1393 3855 Epp.
1404 3791 1425 3855 1,
1441 3792 1483 3854 23,

343 3887 391 3938 ubi
414 3885 544 3950 Pompeio
567 3883 680 3936 Falconi
702 3900 736 3935 an
761 3887 789 3934 in
813 3884 952 3936 tribunatu
976 3899 1074 3936 causas
1098 3901 1180 3950 agere
1204 3885 1302 3936 deceat
1332 3885 1484 3936 consulenti

344 3982 504 4048 respondet,
522 3995 553 4032 se
570 3983 659 4046 ipsum
675 3979 813 4032 tribunum
826 3981 878 4032 hoc
892 3982 943 4030 iam
957 3994 1010 4029 non
1028 3981 1139 4044 tecleae,
1157 3979 1229 4044 quod
1244 3983 1376 4046 potestati
1387 3994 1483 4030 sacro-

344 4081 455 4127 sanctae
473 4075 525 4128 hoc
542 4090 596 4125 non
615 4077 760 4126 convenire
779 4076 926 4127 arbitratus
945 4077 988 4125 sit.

431 4167 782 4236 ultramarinam.
807 4170 882 4221 haud
900 4168 1077 4234 improbabile
1096 4184 1156 4220 esse
1175 4168 1256 4237 dictt,
1281 4169 1406 4220 Tacitum
1431 4172 1483 4220 tri-

344 4267 446 4316 bunum
464 4266 579 4315 militum
592 4280 653 4315 cum
667 4280 762 4316 socero
780 4265 872 4314 futuro
884 4268 912 4314 in
923 4264 1069 4329 Aquitania
1082 4269 1221 4315 versatum
1235 4279 1294 4314 esse
1307 4265 1483 4315 contubernlo

346 4362 405 4410 eius
425 4357 599 4424 adscriptum.
635 4359 689 4410 Sed
707 4360 841 4410 titubasse
859 4359 926 4410 mihi
943 4360 1053 4409 videtur
1069 4361 1112 4409 vir
1129 4359 1320 4421 doctissimus3
1339 4362 1439 4410 etenim
1456 4362 1484 4411 in

345 4453 507 4521 Aquitaniae,
525 4459 656 4518 quantum
674 4470 710 4506 ex
727 4456 863 4520 legionum
881 4455 983 4506 tabulis
1001 4449 1341 4521 (affector-Mamaos&
1359 4453 1481 4518 ,lldbcla
