3446 5380
1300 504 1361 570 105

220 675 427 745 eissitudines
457 678 527 742 eius
557 680 766 763 maffi'stretus
789 669 1036 759 describuntur,
1065 677 1219 744 videlicet
1257 681 1360 766 origo,

220 792 344 855 creatio
368 790 506 854 subinde
527 812 549 855 a
571 791 706 876 regibus
729 791 918 856 consulibus
940 791 1062 876 populo
1085 792 1184 870 fucta,
1206 811 1362 858 numerus

219 902 378 988 paulatim
410 903 594 988 ampliatus.
638 901 756 986 Neque
790 923 870 966 vero
894 902 1043 970 Tacitum
1077 903 1120 968 de
1153 911 1363 986 quaestorum

219 1015 409 1080 muneribus
432 1015 596 1099 explicate
619 1016 763 1082 voluisse
786 1015 911 1084 referre
935 1037 978 1080 ex
1003 1019 1073 1080 eius
1095 1016 1205 1082 verbis
1228 1015 1361 1082 elicien-

221 1125 299 1190 dum
323 1147 397 1192 esse
420 1127 558 1192 videtur.
603 1126 677 1193 Hoc
709 1149 807 1192 unum
836 1149 972 1212 prorsus
995 1135 1120 1192 certum
1142 1135 1194 1194 est
1215 1149 1277 1213 pro
1299 1149 1364 1194 uno

221 1238 405 1322 eodemque
434 1242 625 1323 magistratu
649 1239 798 1304 Tacitum
827 1239 981 1304 habuisse
1004 1247 1207 1322 quaestores.
1252 1239 1364 1323 Atque
1466 1296 1468 1302 .

220 1353 284 1416 hac
305 1355 340 1415 in
361 1372 398 1414 re
420 1369 484 1415 non
505 1349 612 1415 solum
634 1351 690 1416 alii
711 1353 916 1434 antiquitatis
939 1353 1116 1436 scriptores
1140 1351 1182 1416 ab
1203 1373 1243 1416 eo
1266 1359 1364 1431 stant,

220 1485 335 1529 verum
359 1465 457 1528 etiam
479 1463 739 1528 doctissimorum
759 1465 950 1528 recentioris
965 1465 1082 1530 aetatis
1098 1465 1242 1528 virorum
1253 1462 1365 1548 plures

221 1575 309 1642 idem
333 1577 486 1640 sentiunt.

310 1688 379 1752 Ism
402 1707 482 1752 vero
505 1687 548 1752 ad
570 1687 795 1773 gravissimam
820 1705 958 1770 eamque
981 1686 1035 1750 vel
1063 1688 1204 1752 maxime
1233 1689 1366 1773 impug-

221 1808 332 1866 natam
352 1799 415 1864 loci
435 1801 539 1862 nostri
557 1805 683 1883 partem
698 1801 916 1883 pervenimus,
940 1820 1006 1882 qua
1017 1807 1210 1881 quaestores
1227 1801 1364 1883 primum

222 1935 244 1978 a
265 1913 416 1997 regibus,
449 1910 569 1976 deinde
590 1910 724 1996 regibus
747 1912 875 1974 exactis
901 1931 1007 1994 usque
1035 1910 1077 1974 ad
1107 1910 1366 1976 decemvirorum

223 2033 365 2090 aetatem
389 2046 409 2087 a
432 2023 618 2088 consulibus
640 2021 761 2086 delecti
783 2043 857 2086 esre
879 2023 1099 2106 perhibentur.
1131 2023 1242 2106 Atque
1265 2043 1366 2106 penes

224 2158 322 2222 reges
346 2135 512 2221 deligendi
533 2141 731 2220 potestatem
754 2136 796 2199 ab
816 2136 908 2198 initio
936 2135 1058 2215 fuisse,
1093 2137 1161 2200 eius
1188 2137 1238 2198 rei
1265 2155 1367 2220 argu-

225 2258 369 2314 mentum
381 2248 517 2314 Tacitus
536 2246 644 2332 legem
668 2249 824 2310 curiatam
845 2247 887 2313 ab
900 2247 938 2312 L.
951 2245 1054 2312 Bruto
1073 2249 1244 2330 repetitam
1261 2246 1366 2310 affert.
1480 2271 1483 2276 ·

227 2361 294 2428 Sed
316 2362 379 2424 iam
402 2380 501 2444 supra
523 2357 706 2424 audivimus
730 2357 857 2422 Iunium
870 2357 1096 2422 Gracchanum
1120 2367 1233 2422 contra
1257 2358 1366 2422 dicere

225 2451 400 2537 Romulum
434 2479 468 2534 et
495 2470 634 2534 Numam
665 2469 748 2534 duos
776 2477 969 2552 quaestores
1003 2491 1067 2534 non
1102 2492 1161 2536 sua
1191 2491 1272 2536 voce
1306 2467 1366 2535 scd

225 2582 341 2668 populi
363 2581 520 2668 suffragio
543 2583 717 2646 creavisse.
944 2650 947 2655 ,

313 2693 360 2758 Ut
390 2695 489 2779 igitur
511 2693 661 2759 Tacitum
694 2673 801 2778 legem
830 2693 924 2758 Bruti
954 2694 1110 2756 curiatam
1139 2694 1185 2756 ite
1214 2692 1366 2758 laudasse
1489 2773 1492 2779 Ι

225 2815 396 2892 putemus,
431 2825 472 2868 ac
492 2807 521 2868 si
543 2808 616 2888 ipsa
637 2805 723 2869 illius
753 2805 839 2889 legis
861 2805 963 2870 verba
994 2808 1091 2870 etiem
1120 2813 1187 2870 tum
1212 2807 1367 2886 novisset,

225 2927 339 2984 nostro
363 2916 436 2982 loco
458 2918 588 2982 minime
611 2919 775 3002 cogimur3
797 2925 833 2980 at
856 2916 997 3000 aliquam
1017 2915 1099 3001 legis
1118 2915 1205 2980 illius
1221 2917 1369 2982 notitiam

227 3053 301 3096 eum
323 3031 477 3096 habuisse
500 3050 541 3094 ne
554 3027 804 3110 Niebubrius²⁸⁰)
827 3029 959 3111 quidem
980 3038 1037 3094 aut
1052 3029 1208 3094 Becbems
1221 3027 1275 3110 ²⁸¹)
1291 3037 1370 3094 eunt

226 3145 356 3208 infitias.
389 3141 491 3224 Atqui
515 3163 627 3224 regum
650 3141 873 3226 temporibus,
904 3150 1059 3224 quantum
1083 3140 1216 3222 quidem
1237 3142 1367 3221 scimus,

225 3255 300 3340 lege
324 3255 449 3318 curiata
471 3251 512 3316 de
534 3254 670 3337 imperio
693 3273 806 3336 regum
828 3254 900 3316 iura
917 3273 937 3316 a
956 3251 1089 3336 populo,
1112 3251 1145 3316 id
1163 3259 1215 3318 cst
1229 3254 1368 3318 comitiis

227 3367 370 3445 curiatis,
393 3365 699 3448 comprobabuntur.
723 3365 816 3444 Quae
840 3368 923 3451 regii
944 3368 1071 3450 imperii
1093 3367 1165 3432 iura
1182 3386 1255 3430 cum
1277 3364 1367 3430 nullo

225 3479 323 3546 modo
345 3479 513 3544 imminute
533 3479 671 3562 primum
690 3477 734 3542 ad
750 3477 902 3544 eonsules
916 3477 1074 3544 translate
1093 3479 1167 3558 sint,
1189 3478 1313 3562 pariter
1327 3511 1367 3532 -ν

226 3589 315 3674 quod
346 3597 380 3654 et
408 3592 479 3673 ipse
508 3589 664 3654 Bcckcrus
694 3588 846 3655 coneedit
870 3625 910 3636 —-
941 3589 1114 3657 consulare
1144 3609 1277 3674 quoque
1305 3590 1368 3652 im·

226 3704 352 3787 perium
374 3701 450 3786 lege
472 3701 611 3782 curiata,
644 3702 740 3765 sicuti
763 3721 878 3786 regum
901 3700 1104 3785 temporibus
1126 3703 1226 3766 moris
1249 3701 1367 3781 fuerat,

226 3815 452 3878 confirmatum
475 3833 550 3878 esse
571 3812 650 3876 nihil
673 3820 797 3878 temere
814 3812 997 3899 collegeris.
1026 3812 1073 3878 At
1084 3813 1242 3880 Beonan
1250 3832 1368 3894 quam-

159 3919 162 3924 ’
227 3949 323 4011 quam
345 3925 541 3990 vocabulum
571 3923 651 3990 illud
682 3927 861 4010 „repetita“
890 3925 955 3989 alio
971 3945 1082 4012 ,sensu
1112 3921 1367 4009 intellegendum

227 4060 301 4104 esse
323 4046 437 4124 negat,
465 4047 574 4101 tamen
596 4057 698 4122 preve
721 4044 837 4100 cautus
860 4038 906 4099 ita
927 4037 1051 4120 pergit:
1078 4054 1166 4116 „war
1188 4031 1281 4096 dorin
1303 4053 1368 4095 von

226 4151 292 4214 den
309 4151 514 4230 Quaestoren
536 4147 590 4213 die
612 4146 717 4229 Rede,
741 4169 778 4212 so
802 4147 909 4234 ergibt
933 4147 1004 4212 sich
1026 4146 1145 4209 daraus
1166 4146 1367 4230 wenigstcns

232 4320 296 4327 ——-
315 4317 467 4324 ———.--
481 4317 568 4323 .-——-
1059 4317 1154 4326 Μ

315 4403 406 4468 ²³⁰)1..
425 4403 443 4450 1.
612 4341 651 4404 ⁶

316 4497 361 4562 ²⁸¹)
379 4495 410 4546 L.
429 4497 447 4546 l.
466 4497 502 4563 11,
521 4498 544 4546 2.
564 4500 654 4546 annot.
674 4498 732 4547 840.
