3446 5380
1283 531 1325 596 87

182 707 302 770 tinenti
321 721 403 770 vera
425 703 591 770 consulum
614 706 744 788 nomina
767 703 928 789 insculpta
958 703 1095 786 fuerint3
1130 706 1324 789 pracsertim

183 839 270 898 cum,
293 819 355 880 uisi
376 819 422 880 ita
445 835 483 880 se
503 835 558 884 res
577 815 722 895 haberet,
745 817 802 878 vix
822 815 1085 900 intellegeremus
1097 835 1156 880 our
1165 815 1325 900 Polybius

182 929 338 992 consules
360 930 548 992 nominatim
571 928 762 1013 appellaret.

272 1039 369 1120 Quod
399 1043 428 1104 si
456 1039 578 1106 Brutus
617 1047 716 1124 atque
744 1039 903 1105 Hora-tius
937 1039 1089 1106 consules
1122 1041 1218 1125 primi
1250 1044 1327 1105 enni

183 1155 340 1238 cponymi
360 1153 505 1234 fuerunt,
527 1151 616 1216 Iovis
639 1153 795 1237 templum
818 1154 922 1236 primo
938 1134 1022 1236 anno
1042 1152 1084 1216 ab
1095 1151 1234 1216 Horatio
1252 1172 1326 1218 esse

184 1261 373 1328 dedicatum
394 1263 493 1328 facile
515 1263 630 1328 estad
654 1263 889 1349 accipiendum.
933 1263 980 1328 At
1001 1263 1098 1348 longe
1120 1263 1217 1327 aliter
1238 1262 1327 1326 iudi·

184 1375 324 1439 candum
348 1383 433 1456 erat,
456 1377 575 1460 siquis
597 1374 816 1440 velutLivius
839 1375 920 1439 alios
943 1375 1048 1440 fastos
1071 1374 1326 1440 secutusHora-

183 1488 265 1550 tium
294 1506 355 1571 pro
388 1489 514 1570 suffecto
546 1493 672 1552 tantum
706 1486 840 1552 consule
878 1485 1099 1568 habebat²¹⁴).
1143 1486 1208 1566 Qui
1241 1489 1326 1552 enim
1400 1483 1404 1492 ’

184 1598 402 1683 cogitabimus
439 1599 605 1664 consulem
643 1597 816 1664 suffectum
857 1599 943 1664 iilius
986 1597 1078 1663 sedis
1120 1597 1325 1663 dedicatione

183 1711 411 1795 magistratum
434 1729 527 1773 suum
549 1707 744 1773 inchoasse?
789 1707 887 1786 Quod
917 1728 1015 1791 quam
1037 1706 1172 1772 difficile
1200 1709 1243 1772 sit
1272 1709 1326 1770 in-

183 1819 339 1901 tellectu,
369 1819 483 1883 Livius
518 1841 560 1884 ns
590 1822 734 1884 sensisse
765 1818 896 1902 quidem
930 1818 1070 1882 videtur.
1115 1816 1239 1882 Contra
1270 1818 1327 1882 alii

184 1937 354 2012 auctores,
384 1939 420 1994 ut
440 1929 581 1996 Horatio
613 1929 756 1995 dedicati
787 1928 942 2015 Capitolii
970 1929 1126 1993 honorem
1157 1938 1327 1994 servarent
1430 1968 1435 1976 ·

184 2066 225 2108 ac
245 2041 604 2136 tamen'diftioultatem
626 2041 714 2106 illam
737 2041 901 2122 tollerent,
924 2061 1010 2106 anno
1026 2043 1126 2106 tertio
1138 2049 1215 2126 post
1229 2061 1327 2128 reges

185 2162 323 2222 exactos
352 2153 526 2219 Horatium
556 2155 674 2218 iterum
705 2153 872 2218 consulem
906 2161 1049 2218 creatum
1085 2173 1159 2218 esse
1193 2161 1227 2218 et
1257 2161 1327 2217 tum

184 2267 316 2332 demum
345 2264 436 2331 Iovis
457 2249 626 2351 'templum
658 2264 864 2332 dedicavisse
896 2264 1103 2330 tradiderunt
1116 2263 1187 2348 ²¹⁵);
1225 2274 1327 2350 atque

186 2401 242 2444 eos
264 2379 371 2444 fastos
393 2379 574 2462 Dionysius
597 2386 631 2442 ct
654 2376 789 2442 Tacitus
812 2376 1026 2442 vindicarunt:
1059 2376 1207 2442 Tametsi
1228 2378 1327 2462 igitur
1345 2405 1346 2408 ¹
1395 2397 1397 2400 ·

185 2491 334 2555 Taciturn
357 2489 420 2554 hac
441 2492 474 2553 in
497 2511 532 2554 re
550 2509 664 2554 verum
681 2491 847 2554 invenisse
866 2511 931 2554 non
945 2488 1102 2554 audemus
1118 2487 1326 2569 contendere,

185 2611 294 2666 umen
316 2606 443 2665 saniore
465 2603 657 2684 acrioreque
679 2600 799 2664 iudicio
822 2603 855 2663 in
878 2607 1012 2665 auctore
1035 2597 1210 2685 deligendo
1231 2621 1327 2664 usum

187 2733 259 2776 eum
290 2732 364 2776 esse
394 2711 588 2776 arbitramur
618 2731 716 2795 quarn
742 2711 881 2774 Livium.
925 2709 1044 2794 Neque
1075 2731 1156 2774 vero
1189 2731 1243 2774 res
1281 2713 1328 2773 ita

190 2832 378 2908 comparata
400 2831 470 2904 est,
494 2831 531 2886 ut
545 2821 651 2888 Taciti
674 2825 892 2886 narrationem
915 2821 1033 2886 iaisam
1057 2841 1132 2886 esse
1153 2843 1214 2908 pro
1237 2829 1327 2888 certo

189 2935 398 3000 affirmemus.

270 3044 355 3109 Illud
378 3047 479 3131 igitur
501 3044 658 3130 templum
680 3066 746 3109 non
768 3047 970 3110 Porsennam
995 3045 1097 3110 dedite
1119 3045 1194 3108 arbe
1218 3066 1327 3128 neque

187 3157 301 3222 Gallos
325 3164 422 3241 capta
444 3167 606 3222 temerare
627 3159 775 3242 potuisse
788 3155 844 3240 ⁶²¹⁶)
866 3155 1001 3222 Tacitus
1019 3157 1132 3224 refert.
1163 3156 1237 3220 Hac
1251 3159 1327 3239 qui-

187 3268 261 3334 dem
283 3272 317 3334 iu
338 3289 374 3332 re
398 3267 509 3334 differt
530 3269 573 3335 ab
593 3268 727 3352 reliquis
751 3290 858 3332 rerum
883 3267 1112 3354 scriptoribus,
1136 3270 1193 3352 qui
1214 3289 1327 3334 omues

186 3383 387 3446 Porsennam
409 3380 511 3444 Mucii
533 3378 713 3447 Scaevolae
734 3381 880 3447 facinore
908 3381 1118 3464 perterritum
1146 3399 1184 3444 rc
1204 3378 1328 3446 infecta

189 3561 1323 3576 ..mm—w

271 3657 317 3724 ²¹⁶)
337 3656 491 3711 Mammea.
509 3657 526 3705 i.
537 3658 553 3706 l.
571 3673 596 3722 p.
608 3659 654 3708 83:
675 3657 740 3722 „Die
757 3657 850 3706 innerc
861 3655 1090 3722 Uumdglichke1t‚
1110 3658 1173 3708 dass
1186 3657 1234 3708 der
1243 3655 1328 3706 durch

186 3757 231 3808 dia
247 3755 412 3808 Resolutiou
430 3768 479 3804 ans
496 3751 588 3804 Itudcr
604 3753 732 3817 geiaugts
751 3752 853 3804 Gonrrd
876 3755 926 3802 mit
947 3751 1028 3814 jener
1046 3751 1147 3804 Weihe
1172 3750 1221 3801 des
1247 3750 1328 3814 iertig

186 3847 408 3915 vorgeiuudenen
427 3846 556 3912 'Pompeis
573 3848 632 3896 sein
650 3845 715 3895 Ami
732 3845 876 3911 begonnen
892 3846 981 3898 haben
1000 3845 1070 3910 solt,
1088 3845 1191 3896 kommt
1207 3843 1283 3896 nicht
1301 3845 1328 3894 in

185 3945 316 3998 Batracm
334 3944 380 3995 bei
397 3945 472 3998 einer
488 3941 654 4008 Erethiuug,
672 3941 715 3994 die
734 3943 771 3992 im
788 3941 886 3994 basico
903 3941 981 3994 Falla
998 3939 1069 4006 ange
1087 3938 1148 3992 iat.“

271 4038 318 4104 ²¹⁵)
335 4039 377 4090 De
395 4039 542 4104 primorum
565 4050 697 4088 annorum
721 4035 879 4088 consulibus
904 4036 1045 4099 conicias,
1072 4047 1141 4098 quae
1158 4029 1329 4088 Nabataea

187 4133 204 4183 1.
222 4133 279 4195 1.1‚
298 4132 349 4183 tat
367 4145 434 4196 squ,
451 4127 633 4198 Saturniam
649 4130 667 4178 l.
686 4130 704 4178 l.
722 4129 758 4194 11,
777 4132 810 4180 ti
828 4143 868 4193 aq.
889 4128 1105 4194 disputaverunt.

273 4225 319 4291 ΙΙΙ“)
336 4221 507 4282 Niobam
524 4225 569 4276 l.1.
587 4226 610 4290 Ι,
625 4227 684 4278 606.
701 4228 791 4278 aanor.
804 4226 886 4278 1218:
906 4225 1060 4290 „Wtrtlich
1076 4223 1208 4289 godeutst
1224 4225 1328 4274 mdeste

188 4303 298 4375 Tacitus
317 4321 382 4373 Sinn
400 4323 459 4372 acin
477 4319 541 4370 dass
552 4319 692 4372 Porsenna
707 4321 760 4372 deu
773 4319 887 4384 Tempe}
901 4319 977 4370 nicht
988 4319 1065 4370 hatte
1077 4317 1203 4370 venissen
1215 4316 1327 4381 asam,

189 4419 245 4468 also
263 4417 339 4468 nicht
346 4417 459 4466 Meister
474 4415 522 4464 dea
531 4413 695 4479 Captiolium
709 4429 838 4479 gewcseu
851 4417 941 4464 wire:
960 4412 1140 4468 vermuthlicir
1159 4412 1225 4465 aber
1241 4413 1328 4478 bcaog

190 4528 218 4562 er
234 4515 388 4578 potuissent
405 4525 456 4560 nur
474 4511 524 4560 aui
539 4509 583 4559 die
602 4508 731 4562 (daliter.u
