3484 5374
339 469 380 542 ii

337 651 590 729 asseveraveris,
613 669 729 733 porum
754 653 848 712 caute
871 644 1070 710 conclusisse
1092 645 1171 708 mibi
1192 643 1370 710 videberis.
1401 643 1479 708 Pri·-

337 780 425 824 mum
446 762 532 824 euim
554 779 678 843 quaeso
701 758 854 823 advertas
883 778 948 821 nou
971 755 1085 822 eadem
1114 754 1204 842 apud
1225 752 1408 840 Vergilium
1434 753 1478 820 de

338 869 470 956 Scythis
481 869 540 954 ¹⁸⁸)
560 869 627 956 legi
648 890 734 954 quae
757 868 905 934 delictis
928 868 1018 954 apud
1031 867 1205 934 Horatium
1217 865 1290 950 ¹⁶⁹);
1311 887 1385 946 nec,
1406 885 1478 928 oum

338 985 440 1069 ipsius
463 982 610 1050 Sallustii
631 982 735 1050 verbo
754 985 819 1046 ianr
841 1001 906 1046 nou
928 982 1079 1046 conferre
1108 982 1290 1065 possimus,
1320 977 1478 1064 impedire

338 1093 515 1178 quidquam
538 1115 604 1179 quo
631 1095 736 1160 minus
766 1115 852 1178 quae
874 1093 917 1158 de
940 1092 1074 1176 Scythis
1096 1091 1285 1178 Vergilius,
1316 1090 1361 1156 de
1383 1089 1478 1156 Getis

337 1205 495 1272 Horatius
525 1209 743 1288 narraverint,
777 1214 811 1270 et
840 1209 948 1290 ipsum
977 1203 1020 1269 de
1051 1204 1103 1268 his
1136 1201 1304 1288 gentibus,
1338 1223 1404 1268 non
1434 1200 1478 1266 do

338 1309 529 1398 Germanis,
550 1316 717 1382 rettulisse
740 1318 973 1382 existim0mus.
1018 1313 1065 1378 At
1087 1313 1211 1378 obicies
1233 1311 1314 1378 mihi
1334 1312 1478 1379 fortasse

336 1430 444 1513 poetis
459 1427 563 1514 'focile
585 1427 739 1508 concedi,
770 1437 806 1492 ut
837 1447 923 1510 quae
945 1425 1122 1492 Sallustius
1145 1424 1187 1489 de
1210 1423 1384 1490 Germanis
1404 1445 1478 1488 mo-

336 1542 453 1620 nuerit,
475 1541 539 1626 ipsi
561 1537 694 1624 Scythis
716 1539 770 1604 vel
794 1537 889 1606 Getis
911 1538 1071 1604 tribuant:
1092 1557 1201 1602 rerum
1223 1537 1377 1620 scriptori
1389 1533 1478 1618 Scy-

337 1650 467 1716 thurum
489 1650 543 1714 vel
566 1648 723 1716 Getarum
747 1673 855 1716 mores
877 1653 911 1716 in
934 1647 1117 1715 Germanos
1149 1647 1328 1714 treusfene
1350 1665 1478 1729 nequa·-

345 1843 446 1850 ,...,,........
778 1834 1475 1851 --———-.—--—-—-—---—d--—-—-·

425 1965 1013 2046 QMMQQMWW

492 2060 622 2130 „Semper
639 2063 740 2128 biems,
758 2077 866 2128 semper
882 2064 1011 2128 spirantis
1028 2062 1130 2128 frigora
1148 2059 1229 2112 Cauri
1248 2098 1253 2111 .
1274 2096 1280 2109 .
1299 2097 1305 2110 .

491 2157 547 2222 Ipsi
565 2160 592 2207 in
610 2155 726 2208 defossis
745 2157 882 2225 specubus
901 2171 998 2208 secura
1016 2155 1067 2206 sub
1086 2156 1142 2205 alto

492 2250 556 2302 Otia
574 2255 659 2317 agunt
676 2256 749 2302 terro
768 2255 951 2316 congestoque
969 2251 1068 2301 robore
1086 2253 1213 2312 totasque

492 2345 647 2397 Advolvsre
665 2347 734 2396 foots
752 2347 841 2396 ulmos
858 2349 968 2410 ignique
987 2344 1095 2396 dedere.
1115 2373 1116 2376 =

492 2443 546 2494 Illo
562 2448 671 2494 noctem
688 2442 755 2494 ludo
773 2443 885 2506 ducunt,
903 2447 932 2491 et
948 2441 1049 2506 pocula
1066 2441 1133 2492 lasti

490 2537 635 2590 Fermento
654 2543 736 2600 atque
755 2535 840 2587 scidis
859 2537 1000 2586 imitantur
1018 2537 1092 2586 vitea
1110 2536 1205 2588 sorbis.

491 2631 567 2680 Talis
586 2630 765 2695 Hyperboreo
784 2634 889 2694 septem
908 2629 1031 2682 subiecta
1050 2631 1131 2679 trioni

491 2722 565 2774 Gens
583 2723 685 2775 effrena
702 2727 789 2774 virum
806 2724 929 2789 Rhipaeo
947 2725 1070 2775 tunditur
1087 2739 1164 2790 curo,

490 2817 527 2867 iit
543 2815 678 2882 pecudum
697 2817 781 2868 fulvis
799 2818 906 2868 velatur
924 2829 1039 2883 corpora
1057 2815 1149 2870 setis.“

424 2933 469 3004 ¹⁸³)
488 2934 587 2990 Horat.
606 2935 693 2988 Germ.
711 2939 761 3003 111,
780 2939 822 3002 24,
841 2939 857 2988 u
875 2952 950 3002 sqq:

508 3028 699 3097 „Campestres
716 3032 814 3082 melius
832 3029 961 3097 Scythae,

542 3128 663 3189 Quorum
680 3126 804 3190 plaustra
820 3139 906 3190 uagas
923 3127 974 3174 rite
993 3123 1105 3174 trahunt
1123 3124 1226 3189 domos,
1246 3125 1293 3189 (ot.
1311 3123 1401 3174 Germ.
1422 3123 1475 3186 46.)

507 3221 612 3272 Vivunt
629 3225 659 3270 et
674 3218 755 3285 rigidi
772 3218 875 3284 Getae,

542 3317 687 3368 Immotsta
705 3313 802 3378 quibus
821 3316 915 3378 iugero
932 3313 1034 3382 liberas

506 3409 612 3476 Fruges
629 3414 660 3460 et
675 3407 803 3460 Cererem
821 3409 925 3470 ferunt,

542 3504 600 3555 Noc
617 3505 726 3554 culture
742 3504 835 3568 placet
850 3503 957 3567 longior
974 3516 1073 3566 annua,

507 3597 727 3663 Defunctumque
744 3598 884 3649 laboribus

542 3692 660 3756 Aequali
676 3697 783 3743 recreat
800 3695 875 3742 sorte
893 3693 1021 3741 vicarlus.

507 3788 568 3838 Illic
584 3792 671 3838 metro
689 3787 844 3838 carentibus

542 3881 678 3946 Privlgnis
695 3880 793 3931 mulier
810 3883 946 3944 temperat
962 3881 1099 3943 innocens,

507 3975 567 4026 Neo
583 3975 678 4028 dotata
695 3978 767 4040 regit
784 3978 873 4028 virum

543 4069 660 4136 Coniux,
676 4084 729 4124 uec
745 4070 832 4122 nitido
849 4069 910 4121 lldit
926 4070 1060 4122 adultero.

507 4165 565 4215 Dos
583 4169 741 4230 submagna
758 4167 911 4230 parentium

542 4260 638 4314 vetur
654 4263 684 4314 et
699 4263 823 4312 metuens
840 4259 953 4312 alterius
970 4261 1022 4310 viri

509 4354 590 4408 cerro
608 4354 719 4408 foedum
738 4355 860 4420 coutitur,

542 4451 580 4502 st
594 4464 710 4518 peccam
726 4451 806 4504 nesae
822 4453 872 4500 sut
888 4451 1006 4514 pretium
1024 4452 1067 4500 est
1083 4444 1176 4512 muri.“
1200 4469 1203 4482 ·
