3530 5374
1269 555 1311 618 37

177 729 339 794 Britannia
361 728 629 815 seripseraut⁷⁷)r
654 729 771 812 ,misso
788 729 873 792 enim
892 736 963 792 toto
980 727 1036 793 illo
1048 727 1177 794 Galliae
1194 737 1310 811 tractu,

176 843 228 926 qui
249 839 450 906 occidentem
480 861 596 907 verens
625 842 773 906 excurrit
802 840 849 923 (la
870 839 1067 924 Bretagne),
1097 863 1192 906 omne
1221 843 1310 908 occi-

176 947 302 1018 dentale
340 961 375 1016 et
402 953 659 1037 septentrionale
697 952 774 1017 litus
804 951 933 1017 Galliae
962 973 1027 1016 uua
1059 973 1132 1016 emn
1162 953 1311 1020 litoribus

176 1063 366 1130 Germaniae
396 1071 459 1129 urie
490 1073 646 1149 rectaque
677 1063 764 1130 linea
787 1085 943 1150 esurgere
971 1064 1131 1150 putabant
1154 1068 1310 1132 oduntem

175 1197 286 1242 versus
314 1197 353 1241 ae
384 1179 632 1261 septentriones.
682 1175 773 1242 Inter
804 1185 978 1261 utrumque
1011 1179 1110 1262 igitur
1141 1178 1204 1242 hoc
1233 1177 1311 1242 litus

176 1287 305 1354 extendi
328 1287 544 1373 opinabantur
565 1287 784 1368 Britanniam,
809 1308 907 1371 quam
929 1286 1032 1352 multo
1054 1288 1189 1353 inferius
1212 1292 1308 1353 sitam

173 1397 345 1482 putabaut“
362 1397 413 1481 ⁷⁸).

258 1508 381 1590 Qnoaro
410 1511 453 1574 eit
475 1509 660 1588 Britannia,
693 1509 828 1575 Tacitus
860 1531 925 1574 non
955 1512 1053 1576 certis
1080 1513 1222 1576 numeris
1246 1532 1309 1577 ex-

171 1622 292 1706 primit,
329 1620 389 1685 sed
420 1620 616 1702 „insularum
648 1643 729 1706 quas
758 1620 908 1686 Romana
938 1623 1054 1686 notitia
1083 1621 1310 1709 complectitur

171 1733 362 1798 maximam
387 1753 459 1798 eam
480 1733 626 1819 appellat
638 1733 733 1819 (Agr.
755 1733 836 1816 10.);
860 1732 949 1816 quod
973 1735 1003 1799 ei
1026 1754 1099 1798 cum
1122 1733 1206 1796 Mela
1228 1754 1309 1798 con·

171 1847 274 1915 venit,
297 1846 353 1928 qui
377 1845 581 1930 „ingentem“
605 1844 806 1910 Britanniam
828 1853 927 1909 vocat
949 1844 1030 1928 (III,
1054 1847 1097 1926 6.)
1112 1845 1161 1927 ⁷⁰).

254 1954 337 2020 Tum
358 1955 400 2020 de
419 1975 534 2040 oeeuuo
545 1956 742 2020 Britanniam
761 1957 986 2036 circumfluente
1006 1957 1090 2021 haee
1104 1956 1238 2021 Tacitus
1253 1977 1309 2020 re-

172 2069 253 2134 fert:
266 2067 395 2150 „Unum
405 2067 597 2148 addiderim,
607 2088 767 2152 nusquam
780 2067 878 2132 latius
894 2067 1052 2133 dominari
1061 2089 1161 2150 mare,
1172 2066 1308 2132 multum

170 2179 333 2244 fluminum
363 2178 426 2244 huc
448 2186 548 2264 atque
570 2177 648 2242 illue
668 2179 772 2260 ferre,
795 2199 860 2242 nee.
877 2177 973 2242 litore
996 2188 1091 2243 tenus
1113 2177 1307 2244 adcrescere

171 2299 225 2354 aut
239 2288 412 2369 resorberi,
431 2288 491 2353 sed
502 2289 637 2354 influere
648 2289 779 2374 penitus
792 2297 892 2372 atque
908 2287 1043 2370 ambire,
1059 2297 1093 2353 et
1108 2291 1193 2374 iugis
1209 2292 1306 2356 etiem

170 2422 207 2466 ee
229 2400 391 2466 montibus
414 2402 513 2466 inseri
534 2400 627 2465 velut
649 2403 680 2464 in
703 2407 784 2464 suo‘i
803 2401 897 2486 (Agr.
912 2400 987 2480 10.).
1016 2400 1084 2465 lam
1103 2399 1308 2484 Diodorum)

171 2511 345 2576 Posidonio
368 2513 572 2596 potissimum
594 2519 727 2576 auctore
750 2521 783 2575 et
797 2511 927 2593 ΜΕΝ)
949 2514 1064 2576 mirum
1085 2520 1197 2577 aestus
1220 2514 1307 2577 cirea

169 2622 367 2686 Britanniam
389 2623 545 2707 impetum
563 2629 731 2686 noverant.
759 2621 812 2686 Ac
833 2643 906 2687 eum
918 2622 1052 2688 Tacitus
1065 2625 1193 2688 scribit:
1220 2623 1305 2704 „Nu-

169 2739 269 2796 turom
295 2733 411 2798 Oceani
433 2739 522 2818 utque
545 2739 647 2798 uultu
663 2753 780 2822 vneque
803 2756 962 2818 quaerere
994 2736 1089 2801 huius
1111 2740 1220 2821 operis
1245 2747 1305 2820 est,

168 2865 207 2908 ae
225 2845 319 2910 multi
336 2843 512 2911 rettulere“
530 2845 623 2932 (Agr.
637 2843 712 2927 10.),
736 2844 823 2910 baud
835 2849 904 2912 scio
922 2868 964 2910 an
977 2846 1125 2912 Senecam
1137 2847 1179 2934 ³²)
1196 2857 1230 2914 et
1242 2849 1307 2913 Pli-

167 2954 308 3042 nium⁸³)
327 2958 512 3044 intelleget,
541 2959 598 3040 qui
618 2957 724 3021 insius
748 2977 805 3022 eas
827 2979 879 3024 res
903 2958 1069 3044 explicare
1093 2963 1201 3026 eonati
1223 2970 1307 3028 sunt.

253 3067 427 3152 Agricolae
450 3067 662 3154 expeditione
685 3071 782 3134 etiam
797 3066 1305 3156 Orcades(,Orlruey·islands“),

165 3199 253 3262 quae
275 3186 373 3244 antea
394 3181 522 3246 nomine
544 3187 668 3244 tantum
691 3188 789 3244 notae
813 3181 965 3266 erant⁸⁴),
988 3185 1141 3248 inventae
1164 3203 1203 3246 ac
1225 3181 1306 3246 eub-

165 3335 1197 3346 *oon-m.me
1200 3339 1301 3348 —2-.......

235 3421 269 3486 Π)
293 3417 415 3474 dealt.
434 3420 468 3472 G.
486 3422 532 3487 V,
552 3423 597 3486 te,
627 3419 744 3474 Diodor.
762 3421 807 3486 V,
826 3423 874 3484 213
900 3418 1065 3488 StrablV,
1091 3421 1122 3488 b,
1148 3423 1171 3472 l.
1195 3437 1223 3488 p.
1243 3425 1306 3491 1993

88 3577 91 3582 Ι
162 3515 191 3580 Ι,
214 3517 246 3579 4,
270 3517 294 3565 3.
319 3531 345 3580 p.
366 3517 411 3578 633
440 3513 517 3567 Mela
534 3516 589 3581 III,
615 3519 644 3580 65
675 3514 751 3568 Plin.
775 3516 808 3566 N.
827 3516 860 3566 ll.
885 3515 940 3582 IV,
966 3517 1024 3567 102.
1060 3514 1102 3566 Os.
1126 3520 1208 3578 etiarn
1232 3515 1307 3571 Oete.

163 3605 224 3660 Dio
242 3609 379 3674 xxxix,
398 3609 439 3660 eo.

236 3701 267 3768 ⁷⁸)
295 3701 371 3756 Wec.
389 3719 415 3768 p.
435 3705 493 3755 245.

235 3795 269 3862 ²')
293 3797 427 3849 Numeros
444 3799 559 3849 multum
576 3802 647 3849 luter
664 3815 694 3850 se
713 3799 900 3864 discrepantes
927 3801 961 3850 ci.
987 3800 1062 3867 apud
1079 3797 1168 3854 Strub.
1185 3801 1213 3865 1,
1232 3801 1262 3861 d,
1280 3803 1304 3849 ll.

159 3905 189 3956 p.
211 3893 259 3954 033
292 3891 334 3956 11,
351 3893 378 3958 4,
398 3894 420 3941 l.
438 3907 464 3956 p.
485 3894 547 3957 10⁴3
574 3891 628 3960 IV,
648 3894 671 3944 b.
693 3897 714 3943 1.
733 3909 759 3959 p.
780 3896 842 3957 1993
868 3891 941 3947 caet.
959 3893 990 3946 Β.
1009 3895 1040 3944 G.
1059 3895 1094 3959 V,
1114 3896 1160 3957 1³3
1188 3890 1304 3946 Diodcr.

158 3987 198 4053 v,
218 3987 268 4048 213
286 3983 362 4038 Pria.
380 3986 413 4036 n.
432 3987 466 4038 u.
484 3987 530 4050 1v‚
553 3990 617 4052 1023
636 3986 710 4042 east.
728 3986 813 4040 ntea
831 3989 961 4052 uxxvr,
979 3990 1020 4039 m.

237 4081 270 4146 ω)
295 4081 331 4147 u,
349 4081 391 4131 aa.

236 4173 270 4240 ⁸¹)
294 4175 344 4240 111,
362 4178 391 4239 03
410 4176 445 4226 or.
463 4175 512 4242 111,
532 4177 556 4226 1.
574 4179 598 4228 a.

237 4270 267 4330 ⁸¹)
290 4270 386 4320 Natur.
406 4275 509 4335 quaest.
528 4271 578 4335 Ill,
597 4273 629 4322 28
647 4287 704 4335 sqq.

236 4361 269 4427 ⁸¹)
293 4363 326 4413 N.
345 4363 378 4412 H.
396 4363 433 4429 11,
452 4365 501 4413 212
520 4379 576 4428 sqq.

236 4457 269 4523 ⁸⁸)
292 4458 336 4510 lta
353 4473 419 4510 sane
436 4457 504 4510 lllnd
521 4455 694 4528 ,pomanus
712 4453 798 4511 adid
815 4455 935 4526 tanmem
953 4459 1097 4510 manifesto
1118 4460 1303 4525 interpretan-

155 4549 230 4600 dum
249 4554 299 4601 est.
