3446 5380
1264 527 1306 596 95

166 690 406 776 Staatsreohts,
437 693 496 760 das
524 693 629 762 liebsr
655 697 858 764 bestehsnde
881 682 998 765 Kmter
1028 704 1229 786 ernestone,
1257 705 1307 769 ais

165 827 250 872 neue
272 807 389 872 sohnf“
402 805 464 890 288).

251 917 349 982 Adeo
364 917 594 1004 Sobwegierus
607 924 786 986 acutissimi
800 925 921 1009 ingenii
938 925 999 1005 vir,
1014 925 1070 1007 qui
1086 923 1203 989 anulla
1217 935 1307 992 certe

165 1033 361 1114 quaestione
383 1029 487 1095 ardua
509 1031 724 1112 abhorrebat,
758 1034 843 1098 huno
870 1037 902 1100 in
925 1035 1056 1100 modum
1080 1037 1181 1101 verba
1211 1040 1307 1103 iacit:
1396 1088 1406 1106 ,.

166 1141 253 1223 „Die
271 1141 443 1207 Tradition
464 1146 508 1208 ist
530 1147 563 1207 in
585 1143 710 1210 diesem
733 1146 863 1211 Punite
886 1167 923 1212 so
946 1147 1139 1213 liiokenhait
1160 1149 1226 1214 und
1249 1173 1308 1216 zu-

165 1253 487 1341 sammenbangslos,
510 1277 548 1320 so
571 1256 639 1320 voll
660 1256 1034 1344 vonWiderspriieben,
1058 1259 1134 1326 dass
1157 1263 1226 1326 sich
1250 1261 1310 1327 der

164 1367 335 1432 wirkliohe
358 1365 587 1458 Tbatbestand
615 1371 705 1434 niobt
734 1372 826 1435 mehr
849 1371 1012 1436 ermittein
1042 1368 1141 1451 ltsst‚
1173 1373 1240 1436 und
1266 1374 1309 1438 ds

166 1481 241 1544 sirie
269 1479 487 1545 nureiobende
518 1477 796 1568 Beweistiihrung
831 1482 923 1547 nieht
950 1482 1145 1568 hengestellt
1176 1484 1310 1549 werden

166 1592 270 1674 kann,
291 1591 607 1678 diaEntseheidung
628 1593 749 1658 nuletzt
771 1614 836 1658 von
859 1593 919 1658 der
936 1593 1140 1679 subjectiven
1152 1596 1311 1684 Meinung

166 1705 322 1791 abhiiugt
364 1705 477 1770 Daher
499 1705 678 1770 unterliisst
700 1725 736 1770 es
758 1705 818 1770 der
839 1701 1016 1771 Verfasser
1039 1707 1098 1773 des
1122 1708 1311 1794 vorliegen-
1352 1723 1354 1728 '

167 1817 232 1882 den
263 1817 405 1899 Werks,
440 1817 523 1883 iiber
552 1817 642 1883 diese
670 1818 760 1882 nieht
793 1819 887 1884 mehr
916 1819 1172 1886 aufnukiitrende
1201 1821 1311 1908 Frage

169 1929 339 1995 definitive
360 1927 625 2018 Bahauptungen
646 1931 884 1996 aufnustellen“
899 1927 963 2014 189).

255 2039 405 2122 Quodsi
434 2061 519 2124 quae
549 2039 591 2106 de
613 2050 791 2124 quaestura
813 2041 948 2106 Tacitus
978 2043 1100 2123 refert,
1129 2061 1202 2106 eum
1231 2043 1311 2106 reli·-

169 2173 308 2238 quornm
330 2153 534 2236 aqtiquitatis
557 2162 725 2217 austerum
749 2151 830 2217 loeis
853 2154 1003 2217 conferre
1026 2147 1211 2239 aggredior,
1233 2156 1312 2220 mihi

172 2287 233 2331 nou
256 2285 349 2330 sumo
378 2271 504 2328 tantmn
535 2283 643 2348 neque
672 2283 805 2348 arrogo,
836 2271 871 2327 ut
895 2266 1002 2328 omnia
1029 2263 1104 2328 inde
1127 2264 1224 2348 plana
1247 2282 1311 2329 ex-

169 2378 356 2463 plicataque
387 2376 460 2441 fore
492 2378 685 2441 existimem.
738 2375 811 2440 Nec
847 2386 957 2440 tamen
987 2376 1102 2441 inutile
1133 2375 1219 2442 duee
1248 2377 1311 2442 hae

171 2488 391 2574 disputatione
415 2486 497 2551 duas
519 2507 653 2552 movere
676 2489 906 2571 quaestionasz

213 2625 253 2690 A.
276 2627 360 2690 sitne
389 2645 429 2689 ea
452 2623 558 2688 Taciti
588 2623 630 2689 de
660 2631 839 2708 quaestura
867 2628 1027 2704 narratio,
1060 2631 1096 2688 ut
1125 2641 1197 2687 eum
1225 2627 1312 2688 anti-

322 2756 419 2820 quam
439 2737 487 2800 rei
501 2735 653 2820 publicae
669 2733 838 2800 Romanae
854 2737 992 2799 formam
1015 2735 1220 2801 intellexisse
1242 2737 1312 2800 iure

320 2850 484 2934 possimus
506 2867 650 2933 negare;
1126 2859 1129 2864 “

214 2961 251 3024 Β.
275 2963 424 3046 possitne
456 2981 496 3023 ex
527 2959 657 3043 scriptis
680 2965 828 3023 veterum
852 2967 1020 3024 auctorum
1050 2957 1144 3024 nobis
1174 2960 1314 3024 servatis

321 3091 381 3156 pro
404 3079 494 3136 certo
518 3070 698 3153 enucleari,
722 3092 788 3154 quo
811 3091 854 3134 ex
883 3071 975 3134 fonte
998 3069 1151 3150 Tacitus,
1176 3091 1247 3134 oum
1271 3070 1313 3135 de

323 3190 500 3266 quaestura
523 3181 698 3262 scriberet,
721 3181 876 3245 hauserit.

723 3353 764 3418 A.

258 3493 311 3556 Ae
332 3492 473 3576 primum
494 3489 627 3574 quidem
649 3491 752 3574 ipsius
779 3489 878 3552 Tooitr'
899 3491 1002 3555 verba
1023 3491 1208 3574 audiamus:
1318 3520 1320 3525 ·

261 3621 383 3701 „isdem
404 3619 576 3684 ammaon
597 3618 664 3702 (47.
676 3639 708 3702 p.
719 3617 807 3698 our.)
827 3619 862 3682 P.
878 3620 1039 3684 Dolabella
1060 3625 1176 3686 tensuit
1198 3628 1316 3706 spectas

174 3733 275 3796 mlum
284 3731 504 3813 oratiototam
518 3747 577 3813 per
595 3749 699 3794 munes
714 3747 812 3794 annos
827 3731 1041 3796 artabasdum
1051 3736 1186 3815 monnio
1201 3751 1316 3813 omum,

149 3846 226 3928 -qoi
254 3847 452 3926 quaestorum
480 3841 736 3928 aqqrisoemom
769 3841 853 3924 apori
874 3843 1008 3906 maiores
1030 3845 1150 3906 uirtutis
1171 3845 1316 3927 id'proe-

173 3958 269 4018 naam
283 3957 408 4036 Μαι,
440 3955 612 4036 cunctisque
636 3955 763 4032 dotum,
794 3954 928 4016 sibonis
951 3955 1228 4032 ortibusfidereot,
1252 3955 1316 4016 tirt-

176 4073 238 4130 tum
257 4073 362 4150 patere
384 4067 600 4146 moyistrutu35
623 4083 660 4127 oc
681 4083 720 4128 oe
732 4070 820 4128 oetas
834 4063 955 4150 quidem
970 4063 1221 4148 diattayuebotor,
1244 4067 1317 4150 quio

264 4410 310 4475 ²⁸⁸)
328 4407 455 4478 Lanqa‘us
473 4410 566 4475 „Rom
585 4408 788 4460 Alterthiimer“
806 4408 829 4474 1,
848 4409 906 4460 280.

264 4505 310 4571 ²¹⁹)
328 4501 511 4574 Schwaqlerus
529 4505 546 4554 1.
564 4504 582 4552 l.
601 4503 637 4570 Π,
659 4504 715 4555 1³3.
