3530 5374
341 473 441 569 'rs

486 677 538 744 Ac
560 678 602 743 de
623 686 726 744 ,ome
741 683 851 763 sonno
871 683 957 748 idem
981 693 1071 748 certe
1092 683 1415 768 atqueHomerusat
1428 681 1546 748 Hero-

401 786 499 856 dotus
518 794 627 856 animo
650 793 712 857 sibi
733 795 891 876 finxeram
914 817 988 858 nam
1010 796 1147 860 insulam
1171 795 1242 860 orbi
1255 794 1393 860 similem
1414 798 1546 861 otmari

401 899 544 983 undique
576 903 820 970 circumclusam
851 925 926 970 esse
958 906 1169 970 existimabat
1198 904 1326 990 (Germ.
1347 907 1423 989 45).
1467 907 1546 984 Qua

402 1015 553 1104 opinione
565 1013 681 1080 ductus
704 1023 808 1080 noctus
828 1019 862 1080 ia
883 1018 1136 1101 septentrionibus
1158 1026 1414 1102 proptereatam
1438 1017 1546 1080 bream

401 1144 439 1185 oc
462 1124 564 1188 claros
586 1147 660 1190 esse
682 1128 915 1205 arbitrabatur,
951 1129 1039 1214 quod
1072 1129 1160 1193 orbis
1183 1128 1269 1193 illius
1293 1127 1423 1208 umbra,
1457 1148 1546 1212 quae

401 1238 475 1298 coni
497 1238 600 1302 instar
623 1238 702 1303 solis
725 1261 844 1304 occasu
867 1263 993 1306 sursum
1017 1243 1208 1326 erigeretur,
1232 1242 1264 1304 in
1287 1249 1434 1303 extremo
1453 1260 1547 1302 mar·
1596 1307 1599 1316 ,

400 1347 475 1430 gina
499 1350 621 1434 exigua
643 1359 731 1413 esset
754 1371 792 1414 ac
814 1351 886 1414 fere
908 1351 998 1414 nulla
1026 1351 1117 1434 (Agr.
1144 1343 1215 1431 ia).
1261 1349 1316 1414 Ad
1340 1347 1477 1414 eandem
1500 1349 1546 1421 de

400 1463 508 1522 terrae
531 1459 638 1524 r'orma
658 1464 853 1526 sententiam
875 1462 1051 1527 referenda
1074 1471 1164 1543 s'unt,
1188 1483 1273 1548 quac
1296 1463 1333 1526 de
1356 1463 1455 1525 sucini
1479 1462 1545 1524 ori-

399 1571 470 1650 pine
492 1569 637 1654 profert:
670 1573 787 1636 etenim
811 1573 914 1638 solem
948 1571 1149 1638 occidentem
1172 1573 1286 1638 insulis
1317 1576 1480 1658 terrisque
1511 1574 1547 1636 in

402 1690 552 1747 extremo
574 1691 682 1749 terrae
705 1689 852 1772 margine
875 1690 946 1752 sitis
973 1687 1238 1771 appropinquare
1260 1687 1465 1768 resinamque
1488 1707 1547 1749 ar-

402 1793 517 1858 borum
541 1797 639 1861 radiis
663 1798 863 1881 liquefacere
893 1798 1097 1884 opinabatur.
1142 1797 1240 1862 Unde
1270 1785 1365 1861 simul
1393 1797 1547 1860 'animad-

402 1906 559 1969 vertimus
582 1905 731 1971 Taoitum
746 1911 778 1970 iri
802 1930 841 1973 eo
865 1930 997 1993 quoque
1020 1911 1192 1988 erravisse,
1216 1907 1306 1992 quod
1327 1916 1449 1993 quanto
1468 1927 1546 1990 pro-

398 2017 472 2098 pius
493 2016 552 2078 soli
572 2021 944 2105 appropinquaverimus
966 2027 1058 2084 tanto
1079 2021 1185 2105 magis
1209 2021 1305 2083 etiam
1328 2019 1461 2082 colorum
1483 2039 1547 2081 urt-

401 2128 469 2207 yeri
491 2147 682 2212 persuasum
704 2128 855 2194 habuerit
877 2127 1003 2213 (Germ.
1026 2131 1101 2213 45.).

490 2237 657 2305 Oceanum
680 2242 968 2326 septentrionalem
1002 2263 1074 2306 eam
1104 2241 1146 2305 ob
1181 2263 1312 2307 causam
1345 2243 1472 2328 pigrum
1506 2264 1548 2306 ac

404 2371 507 2436 prope
530 2354 696 2417 immotum
720 2373 793 2417 esse
823 2353 942 2434 credit,
981 2353 1070 2436 quod
1100 2355 1240 2418 rariores
1273 2354 1318 2418 ibi
1339 2357 1405 2419 sint
1436 2362 1548 2418 terrae

404 2471 608 2547 montesque,
632 2484 731 2528 causa
753 2484 793 2527 ac
814 2467 951 2528 materia
973 2473 1215 2550 tempestatum,
1239 2474 1272 2528 et
1286 2465 1450 2550 profunda
1472 2487 1548 2528 mo-

405 2572 453 2637 les
477 2577 620 2642 continui
641 2577 739 2667 maris
761 2575 886 2640 tardius
909 2576 1094 2661 impellatur
1116 2575 1209 2664 (Agr.
1234 2579 1308 2659 10.).

493 2683 561 2750 Cur
587 2687 620 2748 in
642 2685 809 2750 Britannia
824 2689 934 2769 scupea
957 2689 1015 2752 cilo
1034 2691 1235 2772 proueniunt,
1267 2690 1353 2752 tarde
1377 2689 1548 2769 mitescant,

406 2794 543 2860 eandem
571 2799 741 2882 utriusque
768 2801 817 2864 rei
846 2819 995 2882 causam,
1026 2799 1162 2864 multum
1192 2799 1358 2864 humorem
1387 2809 1548 2863 terrarum

406 2906 574 2990 caelique,
599 2915 687 2973 recte
709 2909 833 2974 indicat
856 2910 951 2996 (Agr.
975 2911 1050 2995 12).

406 3067 857 3076 ·—-—-—---—--·-0—-——-..--.-....
865 3071 956 3078 -,.....-
970 3073 973 3076 .
985 3072 992 3076 .
1002 3071 1023 3076 .-
1054 3071 1119 3076 ,.........
1129 3071 1141 3076 .-
1263 3071 1279 3076 4-
1293 3071 1335 3076 --η-
1353 3071 1372 3075 --.
1402 3068 1543 3077 --...-—.-.-

402 3167 523 3221 rariores
541 3173 630 3222 tarrae
646 3175 813 3239 mutesque,
838 3184 923 3224 causa
946 3184 978 3224 ac
994 3168 1112 3223 materia
1135 3172 1333 3237 terapeatotam,
1356 3173 1382 3222 et
1402 3165 1548 3238 profando

401 3261 481 3316 molae
497 3263 622 3318 cormaci
638 3265 725 3318 maria
742 3263 852 3319 tardius
869 3263 1043 3333 tapetium«

490 3361 554 3426 Agr.
575 3363 621 3411 12:
646 3361 774 3417 „Dierum
799 3365 889 3427 spatia
912 3363 985 3412 ultra
1009 3363 1095 3411 nostri
1114 3361 1186 3410 orbls
1205 3373 1373 3423 mansuram3
1398 3374 1454 3410 nox
1471 3359 1548 3410 clara

404 3460 431 3506 et
449 3462 572 3507 extrema
589 3456 745 3508 Brltannlae
764 3463 842 3523 parte
860 3457 965 3522 brevis,
988 3461 1019 3507 ut
1035 3455 1116 3506 finem
1133 3460 1215 3522 atque
1234 3457 1340 3506 initium
1357 3456 1427 3506 luals
1446 3457 1546 3519 exlguo

404 3547 558 3600 discrimine
571 3553 748 3601 internosces.
768 3552 840 3616 quod
857 3555 880 3602 si
895 3551 981 3604 nubes
991 3565 1044 3600 non
1057 3550 1190 3614 officiant,
1208 3553 1294 3615 aspici
1303 3565 1352 3615 per
1361 3554 1470 3600 noctem
1480 3549 1546 3598 solis

405 3643 565 3709 fulgorem,
585 3659 635 3695 nec
665 3646 790 3697 occidere
818 3650 846 3696 et
873 3661 1021 3711 exsurgere
1048 3645 1097 3696 sed
1125 3647 1239 3695 transire
1266 3644 1416 3694 adfirmant.
1446 3641 1547 3697 scilicet

336 3756 338 3761 ¹
403 3741 523 3791 exirm
540 3741 566 3792 ct
577 3737 668 3810 plana
684 3743 821 3792 maram
836 3737 935 3792 tamaii
951 3739 1048 3793 lambro
1065 3751 1120 3792 non
1136 3737 1245 3810 eripiant
1262 3738 1396 3804 tenebrat,
1419 3737 1547 3806 infraque

403 3831 506 3887 caebm
520 3830 650 3888 erudera
665 3847 721 3888 noa
736 3832 818 3888 cadit.
828 3873 834 3886 .
844 3873 867 3887 ..
886 3837 975 3888 Tarde
991 3840 1138 3887 mitescunt
1148 3835 1278 3902 (fruges),
1297 3839 1352 3886 cito
1369 3837 1545 3900 proveniunt3

404 3923 548 3996 mactare
563 3927 705 3998 atrimae
721 3929 764 3984 rat
781 3943 881 3995 caasa,
899 3929 1000 3984 aalma
1016 3929 1112 3984 tamor
1128 3933 1265 3985 terraram
1280 3926 1424 3996 caelique·

494 4025 584 4076 Germ.
604 4027 652 4076 45:
672 4027 776 4081 „Trans
795 4024 912 4076 Suionas
931 4027 1004 4077 aliud
1022 4038 1110 4089 mate,
1126 4021 1239 4093 pigrum
1257 4037 1290 4078 ao
1302 4037 1391 4094 prope
1408 4019 1554 4088 ammittat,

405 4134 458 4189 qao
475 4119 550 4190 αἰψ’
567 4118 694 4189 oludiqaa
720 4124 854 4173 terraram
871 4118 960 4174 orbam
981 4117 1045 4174 binc
1067 4117 1150 4185 fidea,
1174 4117 1247 4187 moa
1269 4123 1402 4174 mtrem
1425 4115 1547 4173 macuta

400 4211 1546 4288 immemoraortamcdwoaawaam,atauuatetaa...tuuc

405 4327 498 4380 aath,
516 4311 631 4378 etfama
648 4325 721 4377 ocra,
739 4315 845 4365 tantam
862 4315 965 4364 aarum
983 4348 989 4363 .
1008 4348 1014 4362 .
1033 4347 1040 4362 .
1059 4311 1218 4364 secundiora
1236 4324 1347 4362 nemora
1364 4310 1511 4375 lucosque.
1522 4345 1545 4358 ..

406 4409 556 4460 occidentis
572 4408 669 4460 lnaulls
692 4410 826 4472 terrisque
849 4409 939 4458 inesse
963 4405 1139 4468 credldcrlm3
1166 4417 1235 4473 qam
1257 4402 1345 4459 vicine
1366 4402 1433 4458 rota
1456 4399 1547 4456 radia

405 4513 535 4570 aptam
552 4505 633 4570 atqu
649 4499 784 4570 liqumtia
800 4505 827 4552 ln
843 4504 999 4568 proximum
1015 4513 1092 4552 mara
1107 4499 1262 4552 labuntura.
