3484 5374
339 513 402 576 118
483 555 484 560 1

419 683 540 748 Verum
564 683 664 750 Sanio
687 688 735 752 sie
756 687 884 772 pergit:
908 686 1001 767 „Fris
1014 687 1064 750 die
1081 686 1285 770 Vermathmrq
1295 689 1472 752 Dirksco's“

334 795 565 877 (sc-Tacitum,
588 817 660 860 eum
684 805 880 880 quaesturae
902 795 1070 862 historiam
1093 798 1260 878 scriberet,
1283 799 1474 864 adhibuisse

333 907 492 974 Varronis
521 909 626 992 locos)
659 911 800 998 „scheiat
828 909 991 974 detondere
1019 911 1068 974 die
1094 911 1315 992 Beaapnahme
1344 914 1405 994 aas
1425 913 1475 976 die

333 1022 394 1085 tea
410 1023 565 1085 cariata
583 1041 603 1084 a
619 1021 784 1086 IaBrato
802 1025 968 1106 repetito
990 1023 1118 1107 (welche
1135 1023 1259 1088 Tacitus
1270 1025 1475 1104 mahascheia·

335 1132 397 1196 liat
424 1152 485 1197 aar
513 1134 665 1198 mittelbar
692 1155 749 1198 aas
776 1121 879 1199 Varro
900 1135 1034 1216 pateant
1059 1136 1125 1220 hol)
1152 1137 1217 1200 aad
1243 1137 1402 1200 weiterhin
1427 1137 1475 1200 dte

335 1243 603 1326 Zettbestimnatap
620 1252 731 1329 „poet
743 1246 978 1330 Tarquinios
990 1253 1165 1310 esactoe“
1182 1245 1475 1330 aasprectaaffl).

419 1357 623 1442 Quamquam
646 1357 768 1435 nullum
792 1357 832 1422 de
855 1357 930 1443 lege
942 1357 1037 1422 Bruti
1059 1359 1184 1422 curiata
1197 1357 1354 1424 Varronis
1371 1362 1475 1444 ipsius

332 1467 440 1533 locum
469 1469 645 1547 habemus,
681 1476 790 1534 tamar
818 1469 919 1534 nihilo
949 1472 1055 1534 minus
1086 1470 1142 1534 illa
1165 1469 1271 1536 Taciti
1300 1471 1403 1537 verba
1432 1471 1475 1536 ad

333 1580 514 1648 Varronem
542 1581 718 1647 referenda
745 1603 819 1648 essa
842 1581 941 1648 Sanio
956 1581 1011 1659 ³¹⁷)
1041 1582 1101 1648 hos
1130 1582 1221 1648 locos
1244 1585 1340 1667 quasi
1370 1590 1474 1650 testes

335 1695 473 1758 excitat:
1122 1710 1125 1714 ’

462 1807 601 1889 primum
614 1806 777 1888 Pomponii
798 1803 911 1890 (§3.):
937 1808 1083 1888 „exactis
1106 1805 1224 1870 deinde
1247 1807 1379 1890 regibus
1402 1806 1476 1892 lege

388 1917 587 1982 ·‘tribunicia“
619 1926 652 1981 et
674 1917 784 2002 §.152
816 1917 947 2000 „Iunius
975 1918 1096 1982 Brutus
1127 1918 1289 2000 (tribunus
1319 1917 1473 2000 celerum)

398 2037 513 2092 auctor
535 2029 597 2092 fuit
618 2050 713 2114 reges
736 2029 913 2112 eiciendi“;

464 2140 583 2206 deinde
601 2141 757 2207 Ciceronis
779 2143 834 2226 (de
857 2163 925 2227 rep.
941 2141 984 2224 ΙΙ,
1008 2141 1091 2226 25.);
1116 2143 1188 2226 „lh
1201 2143 1318 2228 Bruto)
1341 2152 1474 2208 auctora

400 2261 433 2318 et
454 2255 601 2338 principe
624 2255 785 2318 concitata
802 2255 917 2318 civitas
941 2289 982 2300 -
1006 2253 1154 2318 exsulem
1179 2262 1345 2340 stragem
1368 2257 1472 2340 ipsum

400 2373 433 2429 et
455 2364 576 2430 liberos
600 2368 670 2429 eius
695 2372 880 2450 algentem
904 2365 1154 2448 Tarquiniorum
1178 2388 1253 2431 esse
1275 2367 1405 2446 iussit“;
1486 2409 1490 2415 -

464 2487 532 2540 tum
555 2475 651 2539 Nonii
679 2477 726 2560 (v.
749 2475 873 2540 redItus
903 2498 934 2560 p.
959 2478 1030 2539 222.
1062 2476 1111 2540 ed.
1140 2477 1308 2556 Merces.):
1340 2478 1472 2560 „Omnis

400 2587 595 2672 Tarquinios
618 2588 776 2670 eicerent,
800 2607 841 2650 ne
864 2606 961 2670 quam
984 2584 1153 2652 reditionis
1175 2609 1235 2672 per
1258 2589 1472 2674 gentilitatem

401 2721 503 2792 spem
522 2698 700 2764 haberent“
732 2699 965 2765 eonferendum
996 2720 1067 2764 cum
1096 2700 1224 2784 Dionys.
1248 2701 1319 2765 Hal.
1342 2701 1401 2782 lv,
1424 2703 1474 2766 84.

401 2813 620 2896 ef.71sqq.;

467 2923 608 3008 denique
631 2923 731 2989 Servii
752 2924 799 3009 (in
821 2924 904 2988 Aen.
921 2922 1015 3004 VIII,
1038 2924 1143 3008 646.):
1168 2924 1309 3007 „Brutus
1334 2926 1411 3010 egit,
1433 2945 1475 2988 ne

400 3039 431 3098 in
455 3036 568 3101 urbem
591 3039 813 3122 reciperentur
839 3036 1037 3119 (Tarquinii)
1059 3039 1255 3100 auctoritate
1283 3057 1348 3120 qua
1370 3036 1476 3122 pluri-

399 3170 487 3211 mum
508 3154 648 3232 poterat.
687 3145 771 3209 Nam
793 3155 829 3211 ut
851 3145 993 3210 diximus
1016 3145 1138 3210 Brutus
1161 3146 1308 3211 tribunus
1331 3145 1474 3212 celerum

384 3260 527 3347 'fuerat‘
552 3259 608 3342 (cf.
631 3257 690 3340 VI,
713 3255 886 3341 8193010.
909 3260 942 3320 iu
964 3257 1067 3321 Bruto
1091 3257 1155 3342 14).

422 3398 508 3476 Quin
531 3399 627 3460 etiam
650 3398 683 3458 in
705 3395 755 3460 his
777 3394 858 3460 loeis
876 3393 965 3479 quod
980 3393 1142 3460 vocabula
1161 3400 1269 3458 auctor
1287 3400 1320 3459 et
1340 3397 1474 3460 anctori-

337 3517 384 3574 tos
405 3509 620 3594 reperiantur,
643 3509 746 3592 ipsius
770 3505 927 3572 Varronis
950 3507 1051 3572 verba
1073 3505 1284 3593 agnoscenda
1306 3527 1380 3571 esse
1403 3506 1475 3571 col-

337 3620 409 3706 ligit
431 3600 562 3686 Senio.⁴
1322 3695 1324 3700 Ι

423 3729 546 3796 Contra
573 3729 809 3816 respondemus
832 3731 927 3812 leyem
954 3729 1049 3794 Bruti
1076 3751 1237 3814 nusquam
1260 3730 1385 3794 laudari
1413 3731 1476 3794 ulsi

335 3843 424 3930 apud
446 3843 660 3927 Pomponium
683 3850 717 3906 et
739 3841 897 3906 Tacitum.
942 3841 990 3906 At
1019 3840 1219 3927 Pomponius
1248 3842 1356 3928 legem
1387 3841 1475 3905 illam

337 3955 592 4019 tribuniciam
613 3963 712 4018 vocat
729 3975 834 4037 eaque
852 3973 950 4039 reges
969 3955 1110 4018 ‘exactos
1134 3975 1207 4018 esse
1230 3953 1336 4018 solum
1357 3954 1474 4035 refert3

336 4070 369 4131 iu
391 4067 442 4131 his
463 4074 574 4130 autem
591 4066 702 4130 verbis
724 4064 803 4129 nihil
824 4065 914 4131 aliud
935 4067 1043 4130 inesse
1064 4073 1145 4151 puto
1169 4064 1367 4150 quamquod
1388 4063 1475 4151 apud

422 4398 468 4467 ¹¹⁸)
486 4401 516 4451 L.
535 4403 552 4451 l.
570 4418 597 4467 p.
615 4403 649 4454 82
667 4417 707 4466 sq.

426 4492 469 4563 ⁸¹²)
486 4495 517 4546 L.
535 4496 553 4545 l.
572 4512 599 4561 p.
618 4497 651 4548 53
668 4510 725 4561 sqq.
