3446 5380
1282 519 1342 582 101

202 708 270 761 tum
294 705 354 777 est,
377 717 449 760 eum
472 696 720 780 magistratuum
736 692 956 758 Romanorum
981 694 1137 778 originem
1161 693 1345 776 pariterue

202 807 388 890 Livius²⁶⁵)
418 814 585 882 recenset,
614 805 656 870 de
686 805 917 890 quaestoribus
948 825 1030 887 quos
1060 812 1137 888 post
1165 804 1290 868 aediles
1314 810 1346 868 et

202 931 282 986 ante
304 920 697 986 decemviros-institutos
726 938 800 982 esse
824 921 949 1001 etipse
972 916 1091 990 tradit,
1119 917 1201 981 haec
1227 917 1346 980 litteris

201 1030 425 1115 mandatmt:
461 1029 614 1112 „Deinde
646 1050 745 1112 quum
780 1032 939 1094 aerarium
970 1029 1085 1116 populi
1115 1031 1242 1092 atterius
1273 1049 1347 1092 esse

203 1147 380 1228 coepisset,
404 1151 439 1208 ut
462 1150 583 1221 essent,
607 1143 663 1224 qui
679 1141 726 1204 illi
737 1149 939 1226 praeessent,
963 1143 1130 1206 constituti
1145 1149 1220 1206 sunt
1242 1161 1347 1224 quae-

202 1265 323 1336 stores,
347 1256 403 1337 qui
426 1254 584 1338 pecuniae
604 1261 805 1337 praeessent,
829 1253 907 1316 dicti
930 1251 971 1315 ab
994 1273 1044 1331 eo,
1068 1250 1156 1336 quod
1179 1253 1348 1334 inquiren-

204 1367 268 1430 dae
293 1375 327 1430 et
349 1363 594 1428 conservandae
617 1366 774 1448 pecuniae
798 1385 897 1430 causa
919 1366 1020 1428 creati
1045 1371 1145 1428 erant.
1169 1361 1196 1446 9.
1220 1363 1281 1426 23ι
1304 1362 1349 1426 Et

203 1481 292 1562 quia,
317 1487 354 1542 ut
376 1475 528 1554 diximus,
554 1475 725 1564 decapite
749 1477 829 1542 civis
841 1475 981 1540 Romani
1002 1478 1127 1543 iniussu
1148 1475 1262 1560 populi
1284 1495 1348 1538 nou

205 1599 277 1656 erat
298 1589 375 1674 lege
397 1589 589 1672 permissum
612 1587 798 1654 consulibus
828 1591 878 1653 ius
901 1587 1021 1662 dicere,
1045 1596 1223 1672 propterea
1245 1607 1349 1669 quae-

205 1710 313 1768 stores
343 1699 625 1766 constituebantur
653 1698 793 1784 populo,
824 1701 880 1782 qui
906 1698 1099 1783 capitalibus
1128 1699 1227 1763 rebus
1251 1721 1350 1783 prae-

206 1821 334 1878 essent:
371 1811 470 1894 bique
499 1811 749 1896 appellabantur
778 1820 971 1894 quaestores
999 1809 1180 1896 parricidii3
1212 1831 1350 1896 quorum

208 1928 306 1990 etiam
330 1925 476 1988 meminit
504 1922 560 1986 lex
591 1919 761 1986 duodecim
791 1922 1004 1987 tabularum.“
1048 1921 1161 2004 Atque
1184 1922 1236 1984 hic
1258 1923 1350 1986 locus

208 2037 305 2102 simul
328 2056 411 2100 unus
442 2043 493 2100 est
523 2055 566 2098 ex
590 2034 738 2098 omnibus
771 2037 828 2116 qui
856 2034 949 2099 nobis
971 2037 1181 2098 innotuerunt
1203 2043 1350 2098 veterum

209 2151 403 2234 scriptorum
426 2146 535 2226 libris,
558 2168 623 2228 quo
647 2153 839 2229 quaestores
862 2148 980 2210 aerarii
1002 2155 1036 2211 et
1058 2155 1250 2228 quaestores
1273 2168 1352 2230 par-

213 2261 314 2326 ricidii
338 2267 503 2340 tamquam
531 2258 595 2322 duo
625 2261 834 2342 magistratus
863 2260 987 2344 proprii
1016 2279 1055 2322 ac
1086 2257 1208 2323 diversi
1238 2266 1352 2343 aperte

217 2371 445 2457 explicataque
467 2370 658 2434 indicantur.
702 2371 903 2454 Pomponius
925 2378 1035 2434 autom
1058 2377 1251 2453 quaestores
1273 2391 1352 2453 par-

212 2483 316 2566 ricidii
342 2482 384 2547 ab
407 2483 497 2544 initio
520 2503 539 2544 a
561 2481 684 2565 populo
709 2490 838 2546 creatos
861 2503 935 2546 esse
958 2491 991 2546 et
1014 2485 1084 2565 ipse
1108 2484 1267 2566 opinatur.

299 2621 384 2686 Tum
406 2619 495 2704 apud
517 2619 658 2698 Festum,
688 2623 744 2703 qui
766 2629 884 2704 quarto
907 2622 978 2684 fere
1002 2623 1105 2684 nostri
1127 2621 1201 2683 aevi
1222 2619 1354 2684 saeculo

210 2734 257 2797 Μ.
279 2733 389 2797 Verrii
411 2731 523 2796 Flacci
545 2735 756 2818 grammatici,
780 2735 836 2815 qui
858 2733 1011 2818 Augusto
1036 2741 1070 2796 et
1091 2731 1224 2796 Tiberio
1247 2733 1354 2815 impe-

210 2845 360 2909 rantibus
381 2847 523 2924 vixerat,
548 2844 664 2909 librum
687 2843 914 2908 deverborum
938 2845 1175 2929 significatione
1197 2847 1229 2906 in
1252 2844 1355 2907 breve

211 2955 360 3040 redegit,
384 2955 444 3018 sub
468 2955 628 3018 vocabulo
653 2947 911 3039 „quaestores“,
941 2958 969 3020 si
992 2954 1122 3037 quidem
1147 2955 1239 3018 locus
1261 2976 1355 3018 man-

211 3089 272 3131 eus
294 3074 384 3130 recte
406 3066 577 3150 suppletus
607 3075 674 3145 est,
705 3067 787 3132 haec
810 3068 962 3152 legimus:
993 3068 1221 3148 ,Quaestores
1252 3063 1355 3153 [dice-

212 3180 349 3259 bantur,
379 3181 435 3262 qui
465 3188 661 3260 quaererent
690 3178 867 3264 derebus]
892 3180 1102 3263 capitalibus,
1136 3178 1221 3241 unde
1245 3175 1355 3262 [iidem

213 3293 311 3354 etiarn
337 3336 344 3351 .
368 3337 375 3350 .
398 3336 405 3350 .
428 3290 630 3367 Quaestores
652 3285 819 3376 parrilcidi
843 3291 1071 3374 appellantur*
1087 3288 1149 3368 ²⁰²).

303 3427 419 3491 Paulus
442 3427 582 3510 denique
596 3427 707 3494 Caroli
727 3432 837 3514 magni
860 3436 969 3493 aetate
985 3427 1168 3512 presbyter,
1193 3427 1249 3509 qui
1264 3423 1358 3488 Festi

214 3544 379 3628 epitomen
402 3539 508 3603 denuo
526 3541 704 3624 excerpsit,
727 3539 787 3606 sub
801 3538 963 3604 vocabulo
988 3540 1144 3624 ,parrici‘
1170 3538 1253 3602 haec
1274 3537 1358 3602 scri-

213 3653 281 3719 bit:
305 3653 451 3735 „Parrici
473 3653 497 3733 i‘
520 3662 714 3735 quaestores
736 3637 997 3739 appellabantur,
1020 3653 1077 3736 qui
1092 3650 1243 3716 solebant
1255 3649 1358 3712 creari

215 3785 315 3829 causa
336 3783 443 3828 rerum
468 3762 653 3846 capitalium
676 3765 945 3850 quaerendarum.
989 3765 1074 3828 Nam
1103 3761 1266 3848 parricida
1294 3782 1358 3825 non

215 3877 327 3958 utique
350 3878 394 3954 is,
426 3857 482 3958 qui
503 3885 674 3958 parentem
697 3877 883 3958 occidisset,
907 3876 1094 3955 dicebatur,
1125 3873 1185 3938 sed
1208 3871 1358 3956 qualem-

217 4007 344 4071 cunque
366 3985 528 4051 hominem
551 3987 779 4053 indemnatum.
809 3983 860 4052 Ita
882 3989 985 4051 fuisse
1007 3969 1130 4050 indicat
1152 3984 1206 4048 lex
1231 3981 1358 4046 Numae

220 4183 407 4197 ...Μ-,-
412 4193 462 4200 „m-

1265 4185 1356 4192 ..um-.—

303 4346 348 4410 165)
366 4344 415 4408 IV,
434 4342 458 4390 4,

301 4439 346 4505 ²⁸⁸)
363 4439 405 4488 De
424 4436 490 4499 orig.
509 4435 558 4481 iur.
576 4430 613 4495 99.
633 4429 673 4478 22·
694 4429 735 4477 23·

303 4534 347 4599 ²⁸⁷)
367 4529 467 4585 Festus
485 4528 526 4578 ed.
546 4523 575 4575 O.
594 4523 625 4574 0.
645 4523 753 4572 Mtiller.
772 4537 797 4586 p.
818 4520 878 4570 258.
