3484 5374
370 431 432 492 114

370 604 398 692 ᾗ.
410 607 466 670 93:
490 601 578 686 „sed
599 605 642 669 ad
664 607 886 670 comitiatum
909 613 1045 670 vocatur
1067 605 1209 690 populus
1231 605 1307 672 ideo
1331 603 1422 689 quod
1444 604 1509 667 alta
1581 689 1591 700 ·

368 718 406 780 da
428 735 524 780 causo
545 717 593 780 hic
614 718 810 798 moptstrutus
830 738 896 798 non
917 723 1029 800 potest
1051 717 1232 780 exercitum
1250 716 1409 781 urbanum
1427 737 1510 780 oon-

365 849 504 910 vocure;
537 849 669 910 censor,
698 829 830 911 consul,
853 829 1012 909 dictator,
1035 829 1181 894 interrex
1203 834 1342 913 potest.“
1389 827 1508 913 Itaque

364 954 531 1027 tamquam
553 943 675 1028 publici
697 950 906 1008 accusatores
934 950 1080 1022 tantum,
1107 962 1214 1024 neque
1237 961 1318 1006 vero
1340 949 1508 1026 tamquam

364 1058 482 1146 aerarii
507 1055 787 1120 administratores
817 1054 975 1139 populum
1006 1075 1188 1120 convocare
1219 1061 1412 1138 quaestores
1443 1075 1508 1139 po-

364 1171 482 1234 terant.
521 1167 573 1232 Ac
594 1167 775 1233 Varronem
799 1188 859 1251 pro
881 1169 1077 1253 magistratu
1099 1168 1253 1232 continuo
1275 1173 1376 1250 atque
1398 1187 1507 1232 annuo

364 1290 557 1367 quaestores
587 1304 652 1347 non
680 1285 784 1347 minus
808 1281 964 1346 habuisse
987 1302 1083 1364 quam
1108 1279 1259 1346 consules
1284 1290 1317 1346 et
1340 1301 1506 1362 censores,

363 1401 431 1457 tum
454 1414 498 1458 ex
520 1393 571 1458 his
593 1394 837 1479 magistratibus
860 1391 888 1477 ἓ.
912 1393 962 1457 90.
986 1401 1019 1457 et
1041 1390 1069 1477 ξ.
1092 1393 1142 1458 93.
1166 1395 1261 1458 iuxta
1280 1395 1414 1477 positis,
1437 1401 1506 1457 tum

365 1526 407 1570 ex
428 1507 508 1589 ipsis
531 1507 752 1570 commentarii
772 1505 858 1570 illius
880 1504 1001 1586 verbis,
1024 1505 1081 1570 ubi
1103 1504 1185 1570 aiter
1208 1513 1366 1588 quaestor
1389 1505 1507 1585 calleyo

363 1616 559 1702 appellatur,
582 1624 732 1700 apertum
755 1626 814 1682 est.
854 1616 966 1682 Tertio
990 1616 1131 1699 denique
1152 1616 1226 1681 loco
1250 1619 1285 1680 in
1306 1616 1391 1681 libro
1403 1614 1505 1680 XXI.

362 1730 591 1812 antiquitatum
614 1750 722 1792 rerum
744 1728 956 1792 humanarum
971 1725 1044 1810 ³⁰⁸),
1076 1728 1132 1793 ubi
1155 1731 1405 1814 magistratuum
1434 1730 1505 1792 iura

361 1843 446 1905 inter
474 1861 512 1905 se
543 1849 725 1924 comparat,
759 1861 851 1904 suam
880 1840 1055 1904 manifesto
1088 1847 1231 1905 aetatem
1264 1848 1410 1925 spectat:
1447 1837 1505 1918 „In

362 1955 555 2038 magistratu
578 1952 700 2017 habent
728 1951 783 2015 alii
804 1954 1030 2035 vocationem,
1063 1951 1120 2016 alii
1146 1953 1417 2038 prehensiouem,
1448 1952 1504 2016 alii

361 2070 520 2128 neutrum.
542 2065 766 2145 vocationem,
790 2071 827 2127 ut
848 2063 1000 2129 consules
1023 2072 1056 2128 et
1078 2067 1193 2145 ceteri,
1217 2067 1274 2149 qui
1295 2065 1418 2130 habent
1439 2068 1503 2129 im-

361 2176 505 2257 perium:
535 2175 802 2260 prehensiouem,
825 2185 862 2240 ut
884 2176 1003 2240 tribuni
1025 2175 1133 2259 plebis
1157 2175 1278 2259 etalii,
1302 2179 1357 2259 qui
1379 2176 1503 2242 habent

305 2283 309 2292 ’
361 2288 540 2351 viatorem:
563 2309 671 2372 neque
693 2290 898 2354 vocationem
921 2305 1028 2372 neque
1051 2289 1313 2372 prehensiouem,
1335 2299 1372 2354 ut
1396 2307 1503 2374 quae·

245 2437 247 2442 ·
361 2405 467 2462 stores
489 2407 523 2463 et
542 2401 653 2482 ceteri,
677 2401 733 2483 qui
750 2420 857 2482 neque
870 2399 1017 2464 lictorem
1027 2398 1162 2482 habent,
1184 2420 1293 2484 neque
1309 2400 1499 2464 viatorem.“

445 2509 541 2574 Haec
568 2519 644 2576 sunt
673 2513 780 2575 omnia
809 2531 894 2595 quae
923 2510 1012 2596 apud
1040 2509 1220 2576 Varronem
1252 2511 1294 2578 de
1323 2520 1500 2595 quaestura

362 2622 577 2704 reperiuntur.
613 2620 819 2704 Quamquam
841 2619 1008 2696 sufficiunt
1030 2620 1226 2706 eaSanioni,
1248 2630 1284 2686 ut
1306 2631 1339 2688 et
1351 2621 1500 2686 Tacitum

361 2740 394 2795 et
424 2731 640 2815 Pomponium
676 2751 736 2796 sua
770 2753 933 2816 quemque
971 2730 1164 2798 eVarrone
1204 2736 1382 2818 sumpsisse
1422 2731 1500 2796 indo

360 2841 560 2926 comprobet.
590 2841 692 2908 Immo
715 2864 756 2908 ne
774 2864 857 2928 opus
870 2841 1002 2926 quidem
1024 2843 1072 2906 illi
1094 2852 1169 2909 sunt
1191 2865 1303 2909 omnes
1326 2853 1394 2909 tres
1416 2843 1499 2924 loci3

358 2957 481 3038 primus
503 2963 536 3019 ct
558 2957 673 3020 tertius
696 2957 726 3020 ei
749 2959 829 3020 satis
851 2956 986 3019 faciunt.
1008 2954 1107 3034 Quod
1128 2955 1205 3020 vide
1227 2977 1268 3021 ne
1291 2957 1337 3020 ita
1356 2956 1500 3021 fortasse

357 3074 448 3130 recte
476 3065 638 3151 explices,
670 3075 707 3131 ut
737 3065 916 3132 secundum
944 3067 1052 3131 locum
1082 3088 1124 3132 ne
1141 3068 1279 3151 potuisse
1302 3066 1434 3152 quidem
1456 3066 1500 3132 ad

356 3197 449 3241 suam
471 3180 787 3264 argumentationem
809 3179 852 3244 ab
876 3199 915 3244 eo
937 3179 1088 3244 adhiberi
1109 3180 1289 3245 arbitreris.

443 3286 644 3375 Pomponius
674 3292 773 3375 igitur
801 3312 893 3356 suam
919 3290 961 3356 de
992 3301 1169 3376 quaestura
1202 3295 1421 3358 narrationem
1454 3313 1499 3359 ex

356 3398 506 3464 Varrone
523 3403 690 3486 excerpsit
696 3425 705 3484 ;
729 3404 848 3466 etenim
867 3408 903 3467 at
919 3403 968 3466 tic
979 3440 1020 3448 -
1036 3405 1082 3466 ita
1099 3412 1271 3469 asseverat
1282 3401 1499 3488 Sanio⁰⁰⁹)-

356 3512 390 3575 in
400 3511 484 3575 libro
496 3511 598 3576 XXI.
617 3515 847 3596 antiquitatum
866 3509 973 3578 rerum'
994 3514 1205 3580 humanarum
1224 3517 1293 3599 „die
1309 3515 1499 3597 Quaesturam

356 3624 403 3686 als
425 3643 484 3686 zur
506 3623 618 3686 dritten
629 3623 739 3688 Ktosse
758 3626 813 3718 tter
824 3625 1024 3707 Moptstrotus
1047 3627 1141 3712 („qui
1162 3648 1270 3712 neque
1291 3629 1498 3694 vocationem

355 3734 479 3800 habent
511 3756 619 3820 neque
651 3738 901 3820 prensionem“)
929 3740 1055 3822 petorip
1084 3741 1144 3804 den
1176 3737 1311 3804 Cornuto
1344 3741 1410 3804 rote.
1438 3741 1503 3806 oen.

361 3847 591 3911 Volkstribunen
606 3847 871 3930 pepmitberstcllt,
894 3869 928 3914 so
936 3851 1047 3929 finden
1063 3853 1121 3913 wir
1133 3849 1181 3914 bei
1196 3850 1499 3936 Varro-Pomponius

355 3967 385 4036 5.
408 3961 459 4024 22.
482 3962 534 4027 23.
566 3962 624 4044 opt.
652 3964 707 4025 mit
737 3970 767 4039 §-
791 3962 832 4026 16
845 3964 884 4045 ff.
914 3964 1000 4044 20s.
1030 3962 1160 4028 diuselba
1182 3964 1420 4048 Anordnunp“,·
1465 3973 1499 4031 et

1386 4187 1496 4196 .--—-=

442 4324 487 4388 ³⁰⁸)
512 4322 600 4375 Varro
618 4341 660 4389 ap.
680 4324 750 4376 Goll.
769 4325 801 4376 N.
821 4326 853 4378 Α.
872 4326 950 4392 xm,
971 4328 1010 4376 12.

352 4481 355 4490 k
442 4417 487 4481 3οῃ)
507 4417 535 4466 n.
556 4419 572 4466 ι.
594 4433 618 4482 p.
639 4422 679 4470 u.
