3484 5374
398 460 439 534 98,

396 627 561 722 ὕστερον
585 633 625 702 δὲ
647 636 714 702 καὶ
736 630 804 724 τὴν
825 639 903 718 τοῖο
925 643 1073 706 κοινῶν
1095 633 1310 729 χρημάτων
1332 641 1551 728 διοίκησιν

395 742 547 828 ἔλαχον
569 748 625 814 καὶ
648 748 768 830 ταμίαι
784 741 1126 840 προσωνομάσθησαν·
1148 749 1231 836 usca
1250 756 1355 821 ταῦτα
1379 756 1410 820 δ’
1425 751 1550 844 ἑτέροις

394 855 453 940 μὲν
475 849 647 948 ἐπετράπη
669 855 711 926 rol
733 851 947 952 δικαστήρια,
977 861 1150 933 iacinctis
1172 869 1238 932 τῶν
1253 861 1442 956 ,quaesivere
1466 856 1551 952 ἦσαν

396 972 581 1059 δοοικηταί“
596 971 662 1056 ²⁴⁵).
698 1019 699 1023 =
1037 978 1042 987 “
1396 1055 1400 1060 ¹

483 1089 608 1161 Οοοοίοο
630 1091 693 1156 Dio
717 1094 835 1178 igitur,
863 1102 900 1158 ut
927 1115 971 1160 ex
990 1094 1119 1160 Zonam
1141 1093 1312 1175 discimus,
1343 1101 1548 1176 quaestores

394 1213 469 1270 ante
492 1204 628 1272 liberam
647 1227 715 1270 rem
738 1206 901 1290 publicam
920 1210 1027 1273 causis
1046 1207 1241 1291 capitalibus
1255 1205 1449 1290 praefuisse
1457 1181 1548 1270 'eos-

394 1315 534 1399 demque
545 1317 748 1400 aPoplicola
763 1319 879 1380 aerarii
897 1318 1210 1387 administrationem
1229 1321 1402 1402 accepisse
1424 1326 1547 1384 narrat.

479 1446 527 1508 At
542 1443 723 1508 Plutarchus
735 1467 930 1530 quamquam
950 1456 983 1510 et
998 1451 1069 1532 ipse
1082 1449 1286 1532 Poplicolam
1298 1451 1422 1511 aerarii
1438 1469 1547 1530 quae-

393 1566 500 1622 stores
529 1561 561 1620 in
590 1579 657 1621 rem
687 1558 850 1650 publicam
879 1559 1048 1624 induxisse
1079 1560 1180 1624 tradit
1210 1559 1420 1643 eandemque
1446 1580 1545 1642 quam

394 1667 528 1734 Cassius
551 1670 615 1734 Dio
644 1671 739 1735 huius
762 1675 810 1734 rei
834 1693 965 1735 causam
988 1671 1126 1752 indicat,
1158 1679 1265 1734 tamen
1289 1665 1411 1735 aerarii
1437 1692 1545 1754 quae-

392 1790 500 1845 stores
530 1785 697 1865 proprium
726 1792 825 1864 atque
854 1803 874 1844 a
906 1782 1137 1864 quaestoribus
1166 1783 1331 1867 parricidii
1354 1786 1544 1848 seiunctum

391 1885 617 1978 magistratrim
637 1895 743 1958 'fnisse
766 1895 939 1958 manifesto
963 1896 1140 1959 arbitratur
1155 1893 1221 1978 246).

436 2101 440 2113 ,
477 2021 606 2085 Deinde
638 2027 818 2086 memoratu
853 2023 984 2108 dignum
1022 2025 1073 2088 est
1111 2024 1289 2089 secundum
1322 2021 1543 2086 Plutarchum

391 2135 511 2196 novum
528 2132 618 2196 illum
636 2135 862 2218 magistratum
880 2153 945 2197 non
963 2135 1005 2198 ab
1023 2137 1095 2218 ipso
1107 2135 1279 2219 Poplicola
1298 2134 1358 2198 sed
1379 2155 1400 2197 a
1413 2133 1542 2219 populo

393 2251 537 2308 creatum
562 2267 633 2309 esse
644 2243 712 2328 Μ),
735 2244 914 2310 seeundum
932 2246 1108 2327 Zonaram,
1130 2249 1160 2310 si
1184 2248 1253 2310 eius
1277 2245 1381 2310 verba
1404 2255 1444 2310 ut
1467 2251 1544 2308 sunt

390 2357 576 2444 acceperis,
598 2358 705 2440 ipsum
720 2356 923 2441 Poplicolam
947 2357 1177 2439 quaestoribus
1199 2377 1316 2420 novam
1339 2357 1433 2420 illam
1459 2375 1540 2440 pro-

367 2469 529 2530 'vinoiam
554 2465 770 2552 delegavisse.
897 2449 900 2456 ¹

362 2621 365 2627 ·
477 2595 561 2658 Tum
589 2594 677 2678 apud
699 2593 824 2656 lanium
848 2601 1041 2676 quaestores
1070 2597 1209 2680 primum
1240 2603 1540 2660 commemorantur

391 2729 476 2772 anno
499 2697 571 2772 485.
600 2727 627 2769 a.
652 2703 745 2784 Cha,
783 2727 848 2789 quo
880 2703 936 2790 Sp.
968 2705 1083 2770 Cassio
1114 2707 1276 2771 consulari
1307 2707 1393 2771 diem
1426 2707 1541 2770 dicunt

275 2842 282 2856 ¹
390 2805 622 2903 perduellionis
635 2816 707 2902 ²⁴⁸);
745 2817 861 2883 deinde
896 2804 980 2882 anno
1014 2820 1088 2883 459.
1117 2829 1150 2883 et
1183 2813 1257 2884 4582
1290 2843 1318 2883 a.
1343 2815 1421 2883 Chr.
1450 2817 1538 2882 idem

390 2929 435 2992 M.
457 2927 591 2993 Volscio
614 2931 738 2993 faciunt
765 2929 853 3013 quod
882 2929 986 2993 falsus
1015 2931 1108 2994 testis
1133 2933 1279 2994 extiterit
1293 2925 1357 3013 ²⁴⁹).
1403 2929 1537 2994 Abhinc
1565 2917 1574 2932 ⁴

390 3061 494 3123 usque
518 3041 560 3104 ad
582 3061 699 3105 annum
711 3041 784 3102 446.
807 3062 835 3103 a.
848 3038 924 3104 Chr.
945 3041 1033 3104 nulla
1050 3061 1185 3126 prorsus
1204 3047 1417 3124 quaesieram
1441 3060 1536 3102 men-

388 3155 434 3216 tio
460 3153 594 3216 aLivio
616 3154 762 3234 inicitur3
795 3160 894 3235 atque
916 3153 972 3216 illo
998 3174 1082 3216 anno
1109 3152 1273 3236 extemplo
1301 3152 1454 3215 audimus
1478 3169 1534 3213 eos

330 3281 331 3286 ¹
388 3265 515 3327 aerario
531 3285 703 3348 praeesse,
727 3285 769 3328 ex
787 3285 852 3347 quo
871 3263 959 3356 bello
975 3285 1047 3328 curn
1059 3263 1186 3347 Aequis
1197 3261 1399 3345 Volscisque
1420 3268 1533 3326 coorto

388 3377 482 3458 signa
504 3384 656 3458 promunt
679 3376 897 3460 deferuntque
920 3379 952 3440 in
969 3397 1118 3460 campum
1131 3373 1195 3458 ²⁶⁰).
1218 3375 1317 3438 Anno
1329 3375 1402 3438 439.
1415 3397 1444 3438 a,
1458 3371 1533 3437 Chr.

388 3495 581 3568 quaestores
604 3486 788 3552 Cincinnati
810 3485 979 3552 dictatoris
1013 3491 1103 3551 iussu
1126 3485 1182 3572 Sp.
1205 3485 1317 3550 Maelii
1337 3486 1428 3551 bona
1449 3506 1532 3548 ven-

388 3595 468 3659 dunt
501 3605 600 3680 atque
632 3599 665 3660 in
701 3597 867 3682 publicum
898 3599 1052 3684 redigunt
1065 3595 1128 3678 ²⁶¹).
1180 3597 1277 3661 Anno
1306 3598 1379 3660 410.
1404 3621 1431 3664 a.
1456 3594 1530 3658 Chr.

396 3757 683 3780 -—-—'-—-..—
1082 3775 1088 3778 .
1095 3773 1216 3778 ......-.
1500 3766 1529 3774 ν-

472 3887 517 3953 Μ)
536 3887 636 3944 aanor.
655 3891 717 3956 vn,
737 3893 783 3953 133
803 3891 837 3942 of.
855 3889 967 3946 Beonan
985 3893 1002 3942 ι.
1021 3891 1038 3940 1.
1057 3891 1093 3958 u,
1113 3891 1137 3955 a,
1155 3891 1205 3942 aaa
1224 3905 1262 3958 sq.

472 3982 516 4046 Μ)
536 3981 700 4048 PlatPopl.
723 3985 768 4046 125
788 3985 822 4033 cf.
835 3983 946 4044 Quaest.
959 3985 1035 4035 Rom.
1054 3985 1103 4048 423
1122 3985 1157 4034 cf.
1173 3981 1327 4052 Schweyier.
1345 3983 1363 4032 l.
1376 3983 1393 4032 l.
1412 3983 1452 4048 Ha
1471 3979 1526 4029 134.

474 4077 518 4143 ²⁰)
536 4078 567 4128 L.
586 4079 617 4127 l.:
637 4074 749 4150 „Tunius
766 4086 803 4150 τῷ
822 4075 893 4152 δήμῳ
913 4075 957 4132 δύο
975 4089 1025 4131 τῶν
1043 4078 1106 4132 νέων
1125 4077 1215 4132 ἔδωκεν
1235 4075 1393 4138 ἀποδεῖξαι.“

471 4172 519 4242 aa)
538 4172 574 4238 11,
593 4174 634 4222 οι.

472 4266 705 4332 mmmm
858 4331 860 4336 ,

471 4361 844 4428 &mmmmm
1031 4420 1036 4429 ,

470 4456 515 4524 ²¹¹)
534 4457 582 4534 ιο,
603 4458 648 4520 1o;
668 4458 702 4508 or.
720 4457 885 4523 xxxviii,
904 4459 953 4511 co:
971 4457 1078 4522 xxvi,
1096 4459 1137 4511 n.

258 4975 1708 5370 *4
