3530 5374
387 477 431 542 46

474 653 529 716 Hx
552 653 678 734 dapalis
700 651 843 737 denique
871 652 1056 716 Britanniae
1076 649 1216 732 partibas
1244 645 1379 712 Tacitus
1406 645 1439 708 iu
1468 667 1534 711 ex-

389 787 487 832 cursu
507 775 641 850 praeter
665 765 850 830 Caledonios
867 765 919 849 ¹¹⁴)
941 775 975 830 at
997 763 1180 850 &tarasia
1198 761 1264 844 11.)
1286 761 1392 826 nullas
1414 757 1535 844 appol-

388 879 444 942 lat
467 875 631 944 Sed'aliis
653 879 734 942 locis
747 859 872 944 Baesti
894 878 1027 962 (c.38.),
1050 877 1200 958 Decoapi,
1224 876 1391 956 Briouates
1413 871 1454 954 (c.
1476 871 1533 951 173

389 991 475 1054 Ann.
497 989 580 1072 XII,
602 992 661 1074 323
684 991 781 1072 XIV,
803 989 880 1073 aa),
906 989 1072 1054 Ordooims
1095 989 1138 1073 (c.
1163 990 1219 1070 183
1247 986 1331 1050 Anu.
1353 981 1435 1065 XII,
1457 980 1534 1063 BH),

389 1103 474 1166 leoni
496 1103 592 1182 (Anu.
604 1101 687 1184 XII,
710 1103 771 1185 313
793 1099 890 1186 XIV,
909 1103 987 1185 31.),
1014 1101 1216 1164 Trinobantes
1236 1099 1335 1181 (Anu.
1353 1093 1451 1177 XIV,
1469 1093 1535 1172 31.)

389 1217 605 1280 nominantur.
654 1213 684 1278 Ε
714 1214 831 1297 quibus
861 1213 1009 1278 omnibus
1040 1212 1257 1277 Trinobantes
1291 1217 1416 1274 tantum
1446 1203 1535 1290 apud

393 1325 771 1412 &escremreperimus
805 1326 858 1410 (Β.
881 1325 922 1391 G.
945 1326 987 1409 V,
1010 1327 1091 1410 20.);
1126 1335 1239 1392 contra
1270 1326 1312 1390 ab
1348 1345 1389 1391 eo
1418 1331 1535 1410 gentes

390 1438 472 1504 alias
493 1442 627 1525 ignotae
656 1447 903 1520 enumerantur,
936 1433 1092 1503 videlicet
1121 1435 1318 1518 Oenimepni,
1349 1434 1534 1517 Bepcaticci,

391 1550 557 1630 Ancalites,
580 1549 714 1626 Bibroci,
740 1549 900 1634 CossitB.
925 1547 966 1614 G.
988 1549 1030 1630 V,
1054 1549 1130 1631 21.).

478 1686 924 1774 GeographieaeBritanniae
932 1687 1143 1772 descriptioni
1155 1691 1264 1752 statim
1273 1685 1422 1752 addimus
1431 1709 1537 1772 pauca

392 1802 434 1866 de
457 1801 608 1864 Hibernia
628 1801 730 1866 verba
753 1800 834 1886 Agr.
859 1803 921 1864 24:
948 1799 1125 1877 ,Hibernia
1154 1800 1273 1874 medio,
1291 1803 1375 1865 inter
1403 1795 1537 1864 Britan-

393 1913 479 1977 niam
501 1920 601 1996 atque
622 1911 815 1997 Hispaniam
845 1913 908 1976 sita
923 1959 930 1973 .
947 1959 977 1974 ..
1002 1913 1141 1996 spatium
1173 1914 1261 1993 eius,
1292 1912 1320 1975 si
1338 1899 1536 1976 ¹Britanniae

394 2031 610 2108 comparetur,
633 2026 821 2109 angustius,
851 2026 956 2087 nostri
984 2027 1083 2087 maris
1105 2023 1228 2087 insulas
1258 2031 1401 2108 superat.
1431 2019 1536 2088 solum

395 2137 586 2220 caelumque
622 2141 656 2200 et
682 2137 813 2220 ingenia
842 2134 1016 2219 cultusque
1045 2127 1211 2198 bominum
1243 2133 1331 2198 haud
1360 2135 1495 2199 multum
1517 2156 1537 2197 a

394 2247 563 2312 Britannia
584 2247 747 2344 differunt.
781 2244 897 2311 melius
926 2245 1034 2312 aditus
1056 2254 1238 2332 portusque
1260 2267 1321 2332 per
1344 2249 1537 2314 commercia

395 2368 429 2424 et
450 2363 672 2444 negotiatores
695 2359 847 2444 cogniti.“
886 2357 1042 2424 Similiter
1067 2347 1185 2422 Caesar
1207 2349 1278 2424 eam
1300 2359 1450 2441 insulam,
1473 2379 1538 2442 qua

394 2471 562 2534 Britannia
584 2470 626 2534 ad
648 2469 841 2556 Hispaniam
863 2477 963 2553 atque
987 2469 1190 2535 occidentem
1212 2470 1316 2535 solem
1338 2479 1466 2556 vergat,
1490 2471 1537 2533 si-

395 2591 462 2646 tam
491 2603 531 2645 ac
557 2583 630 2666 pari
657 2581 764 2665 spatio
799 2580 1023 2646 transmissum
1051 2589 1151 2666 atque
1186 2603 1229 2646 ex
1260 2576 1368 2646 Gallia
1403 2603 1476 2644 esse
1505 2583 1537 2666 in

395 2691 596 2756 Britanniam
624 2695 807 2775 existimat,
841 2690 901 2757 sed
930 2691 1062 2756 dimidio
1092 2695 1249 2757 minorem
1278 2713 1375 2774 quam
1405 2689 1539 2755 Britan-

395 2804 481 2866 niam
503 2804 668 2866 aestimari
690 2799 888 2878 Hiberniam,
905 2801 1005 2867 tradit
1026 2801 1079 2887 (B.
1091 2802 1131 2867 G.
1143 2802 1184 2884 V,
1199 2801 1271 2884 13.).
1303 2801 1414 2866 Strabo
1429 2809 1538 2866 autem

395 2911 587 2978 Hiberniam
608 2915 643 2977 in
665 2915 921 2997 septentrionem
935 2909 1123 2979 Britanniae
1141 2914 1297 2980 transfert
1316 2935 1453 2997 eamque
1465 2914 1539 2978 lon·

397 3027 521 3110 giorem
544 3045 641 3108 quam
672 3025 820 3090 latiorem
852 3048 926 3090 esse
954 3023 1086 3090 iudicat.
1130 3025 1182 3092 De
1204 3023 1384 3091 incolarum
1407 3025 1539 3090 feritate

397 3135 657 3220 crudelitateque
678 3135 831 3200 fabulosa
854 3144 1076 3220 compererat,
1099 3157 1201 3219 quare
1223 3140 1295 3221 ipse
1317 3135 1429 3200 addit:
1464 3134 1537 3222 ,aui

396 3247 499 3312 ταῦτα
523 3245 551 3312 d’
567 3240 649 3312 οὕτω
672 3245 805 3330 λέγομεν
820 3237 867 3320 ὥς
889 3240 948 3312 οὐκ
964 3241 1090 3326 ἔχοντες
1111 3239 1329 3328 ἀξιοπίστους
1351 3237 1537 3334 liciatorio&

397 3357 470 3442 (IV,
494 3360 524 3440 5,
547 3362 576 3422 4.
599 3376 630 3442 p.
654 3357 751 3432 201).
796 3357 1031 3423 Deinde'lilela
1053 3357 1135 3423 haec
1157 3369 1282 3423 narrat:
1314 3359 1442 3444 „Super
1463 3355 1541 3422 Bri-

397 3472 538 3534 tanniam
562 3469 681 3534 Ivarna
704 3479 765 3550 est,
788 3490 893 3554 paene
916 3473 983 3553 par'
999 3473 1122 3554 spatio,
1154 3470 1213 3534 sad
1236 3473 1388 3554 utrinqne
1410 3469 1540 3554 aequali

397 3588 504 3646 tractu
533 3581 664 3644 litorum
687 3581 850 3666 oblonga:
884 3581 969 3646 coeli
1002 3580 1043 3644 ad
1067 3582 1259 3647 maturanda
1281 3585 1406 3648 semina
1427 3584 1540 3665 iniqui,

398 3713 511 3757 verum
533 3691 617 3756 adeo
647 3692 818 3757 luxuriosa
846 3692 973 3774 herbis,
1006 3715 1071 3757 non
1101 3694 1196 3760 laetis
1225 3695 1323 3759 modo
1351 3693 1412 3758 sed
1443 3697 1540 3758 etiam

399 3803 566 3884 dulcibus,
597 3813 634 3869 ut
656 3825 692 3868 se
715 3807 837 3889 exigua
859 3813 953 3890 parte
977 3805 1042 3870 diei
1063 3827 1185 3891 pecora
1214 3806 1386 3890 impleant,
1420 3813 1453 3870 et
1479 3806 1542 3867 nisi

399 3914 521 4000 pabulo
542 3916 796 3999 prohibeantur,
820 3915 940 3980 diutius
963 3927 1060 4001 pasta
1082 3917 1252 3980 dissiliant.
1296 3915 1448 3982 Cultores
1472 3917 1541 3980 eius

400 4025 558 4093 inconditi
580 4035 655 4092 sunt
677 4035 710 4092 et
733 4029 874 4092 omnium
897 4030 1052 4092 virtutum
1074 4029 1191 4114 ignari,
1211 4029 1345 4112 pietatis
1367 4026 1542 4093 admodum

409 4245 737 4252 --.....-...--.---.-,...,.-
751 4247 812 4252 --.--
1055 4245 1541 4254 --,...-.....-----..----

487 4359 531 4425 ¹¹⁰)
550 4359 632 4411 Plinii
648 4365 730 4412 etlam
750 4364 918 4427 temporibus
935 4363 1057 4412 Romana
1075 4377 1149 4412 mma
1166 4362 1321 4412 Britanniae
1348 4364 1471 4412 notitiam
1489 4377 1542 4411 nnn

392 4454 473 4540 ¹ultra
497 4457 664 4506 vicinitatem
689 4456 776 4506 silvae
796 4454 961 4508 Caledoniae
986 4462 1212 4522 propagaverant.
1250 4454 1291 4506 Oi.
1307 4456 1340 4506 N.
1359 4457 1393 4506 H.
1411 4455 1465 4523 IV,
1486 4457 1541 4508 102.
