3446 5380
1325 475 1386 544 113

247 648 307 714 der
318 646 744 716 umfassendsteGebraucb
756 649 909 735 gemacht
920 647 1054 714 worden
1072 647 1306 731 sanandam,
1328 651 1390 716 aul

246 763 300 827 die
332 761 532 828 Gesobichte
564 763 623 828 der
650 762 835 828 riimisoben
866 761 998 828 Staats·
1029 761 1096 826 und
1124 761 1387 848 Rechtsbildung

245 871 460 960 baaiigliohen
493 873 622 940 lnbalte
661 875 726 940 der,
757 874 882 940 Werke
917 873 1066 940 Varros“
1082 872 1145 956 ³⁰³).
1203 873 1286 940 (lum
1323 874 1385 955 his,

246 1005 381 1070 quaeso,
403 985 554 1051 conferas
575 986 651 1051 libri
672 984 846 1052 aSauioue
868 988 980 1072 scripti
1002 987 1227 1052 recensionem
1248 989 1282 1051 in
1303 989 1386 1053 actis

246 1117 331 1182 quae
363 1099 582 1164 inscribuntur
613 1097 801 1183 „Letpatper
833 1099 1049 1163 toterartsctes
1082 1095 1306 1164 Oenlralblalt“
1321 1097 1386 1184 ⁸⁰⁴).

245 1208 307 1275 Cui
329 1231 394 1275 non
415 1211 502 1276 ultro
525 1213 558 1274 in
579 1218 722 1276 mentem
744 1213 836 1276 venit
856 1209 938 1274 illud
958 1210 1088 1277 Horatii
1099 1211 1173 1296 ὀὓς

267 1379 268 1384 ,
377 1323 512 1404 „Frater
533 1329 600 1386 erat
620 1322 739 1387 Romae
763 1324 892 1388 consulti
912 1323 1030 1404 rhetor,
1052 1330 1087 1388 at
1109 1325 1187 1388 alter

373 1433 510 1499 Alterius
532 1455 671 1499 sermone
692 1455 794 1500 meros
816 1437 937 1500 audiret
958 1437 1109 1518 honores,

376 1545 533 1611 &ocolus
554 1553 588 1611 al
610 1547 658 1610 bic
679 1547 734 1628 illi,
750 1549 838 1629 soret
859 1548 929 1612 boio
950 1555 985 1612 ut
1006 1547 1129 1614 Moesos
1150 1548 1234 1612 ille.“

244 1657 335 1725 Nihil
357 1662 443 1725 enirn
464 1658 553 1725 aliud
575 1659 738 1744 reliquum
761 1668 812 1726 est
834 1680 932 1745 quam
953 1670 990 1726 ut
1011 1660 1386 1747 graviaDirksenii

244 1779 480 1860 argumenta
496 1775 530 1838 iu
545 1773 891 1840 aestimabilibus
913 1773 1254 1860 ipsiusSanionis
1274 1778 1385 1842 curis

245 1905 450 1968 quaeramus.

330 1996 400 2062 Iam
421 1999 522 2084 igitur
543 1998 586 2066 ad
608 2001 713 2084 ipsam
735 2019 805 2064 rem
826 2000 1030 2066 accedamus.

329 2109 382 2174 Ao
406 2111 522 2176 mirum
552 2110 695 2177 fortasse
717 2111 882 2176 videbitur
909 2111 999 2196 quod
1026 2110 1194 2176 Varronem
1215 2111 1386 2177 adhucne

244 2235 309 2285 uno
332 2221 464 2305 quidem
486 2222 589 2288 verbo
611 2225 785 2308 attigerim.
817 2213 886 2290 Sed
896 2221 1119 2289 Varronianos
1142 2223 1184 2289 da
1207 2231 1387 2309 quaestura

243 2331 336 2397 locos
370 2332 412 2398 de
445 2317 605 2398 industria
636 2337 670 2398 in
702 2333 839 2400 alteram
870 2334 966 2400 huius
995 2334 1225 2421 disputationis
1258 2343 1385 2421 partem

245 2445 367 2528 distuli,
390 2467 463 2511 cum
475 2447 565 2532 quod
583 2448 626 2512 ad
642 2449 811 2513 historiam
831 2457 1028 2532 quaesturae
1045 2450 1167 2515 rectius
1186 2447 1386 2534 intellegen-

244 2558 319 2622 dam
340 2558 420 2622 nihil
441 2559 517 2625 inde
539 2559 720 2642 lucramur,
752 2569 821 2626 tum
844 2560 934 2645 quod
962 2561 1004 2627 de
1027 2559 1178 2628 Sanionis
1206 2561 1385 2650 argumen-

241 2673 365 2735 tatione
389 2671 612 2757 disceptantes
635 2673 788 2737 continuo
808 2691 866 2737 eos
888 2675 1045 2738 memoria
1058 2681 1228 2738 teneamus
1245 2680 1385 2760 oportet

241 2777 313 2848 Neo
346 2783 422 2850 sunt
451 2783 563 2870 plures
596 2800 694 2869 quam
722 2792 799 2850 tres.
843 2783 895 2850 Ac
928 2785 1051 2869 primns
1082 2783 1215 2869 quidem
1247 2781 1384 2866 bic¹⁰⁶lt

244 2895 450 2981 „Qtaoeslcras
464 2890 702 2983 a'quaerendo,
726 2897 783 2982 qui
805 2899 1035 2981 conquirerent
1056 2895 1206 2983 publicas
1227 2899 1385 2984 pecunias

242 3016 276 3074 et
296 3007 475 3092 maleficia,
507 3029 592 3094 quaa
613 3011 775 3074 triumviri
797 3008 956 3095 capitales
982 3031 1068 3076 nunc
1095 3013 1307 3095 conquirunt3
1341 3010 1384 3075 ab

241 3122 292 3186 bis
325 3129 458 3208 postea,
496 3123 551 3205 qui
580 3122 808 3204 quaestionum
840 3119 960 3186 iudicia
991 3129 1164 3204 exercent,
1201 3119 1385 3203 Quaestor-es

242 3230 350 3297 ἀίοὴἱ,α
394 3230 525 3298 Deinde
556 3233 605 3296 in.
623 3233 728 3298 altero
740 3229 795 3316 801)
828 3233 956 3318 pridem
987 3232 1218 3317 quaestoribus
1252 3254 1384 3318 quoque

241 3342 354 3430 populi
375 3341 418 3409 ad
440 3345 571 3410 comitia
593 3343 797 3409 convocandi
817 3324 1019 3428 potestatem
1041 3343 1145 3409 fuisse
1154 3341 1262 3408 Varro
1283 3342 1385 3409 tradit

242 3459 379 3541 eiusque
408 3457 457 3521 rei
486 3453 715 3523 documentum
743 3455 856 3542 laudat
890 3458 1174 3540 „commentarium
1196 3464 1293 3521 vetus
1322 3477 1384 3521 an-

242 3569 425 3652 quisitionis
454 3565 499 3632 M.
522 3563 631 3654 Sergii
654 3565 745 3632 Mani
773 3565 832 3632 lilii
854 3565 1063 3650 Quaestoris,
1094 3570 1151 3651 qui
1180 3570 1297 3652 capitis
1326 3589 1384 3634 ac-

243 3681 370 3744 cusavit
391 3677 568 3766 Trogum.“
613 3677 659 3744 Et
687 3679 751 3745 hoo
774 3687 807 3744 et
829 3677 886 3744 illo
909 3679 983 3745 loco
1004 3677 1186 3744 Varronem
1214 3700 1279 3745 nou
1301 3677 1384 3745 duos

241 3792 451 3874 magistratus
481 3793 647 3856 seiunctos
679 3789 885 3856 intellexisse
914 3789 990 3856 luce
1022 3789 1141 3856 clarius
1170 3789 1309 3875 apparet
1340 3813 1383 3856 ex
1509 3810 1516 3821 ·

235 3975 344 3987 ..-—...

328 4085 373 4153 ¹⁰⁸)
392 4083 520 4140 Dirlcseo.
538 4087 556 4137 l.
575 4087 593 4137 l.
611 4101 638 4150 p.
656 4087 680 4136 2.

329 4179 375 4246 ¹⁰⁴)
393 4179 444 4231 Est
460 4183 488 4231 iu
506 4182 637 4232 extremis
654 4181 772 4230 numanis
791 4180 855 4230 anui
873 4181 948 4232 1867.

330 4275 376 4340 ¹⁰⁵)
394 4273 464 4328 Hor,
481 4275 550 4340 Epp.
569 4275 605 4340 11,
623 4276 648 4340 2,
666 4276 700 4326 st
718 4289 774 4339 sqq.

329 4368 375 4434 ⁸⁰⁰)
398 4366 487 4420 Varro
504 4368 535 4419 L.
554 4368 585 4419 L.
604 4368 639 4434 V,
657 4369 698 4418 81.
718 4367 772 4433 (ed.
791 4365 820 4418 O.
839 4366 870 4418 0.
888 4368 995 4432 Mulier.
1015 4382 1041 4431 p.
1060 4367 1115 4432 32.)

331 4463 376 4530 ³⁰⁷)
395 4462 462 4514 Ibid.
482 4464 530 4530 VI,
548 4465 659 4514 90-93.
677 4477 702 4527 p.
725 4464 774 4514 110
791 4477 848 4526 sqq.

1160 4557 1175 4606 8
