3530 5374
745 1561 778 1656 Ι.

241 1777 336 1876 Qua
363 1776 563 1858 doctrina
595 1777 849 1858 exstructus
875 1797 1023 1856 rerum
1050 1775 1282 1880 scriptoris

437 1928 597 1986 munus
624 1905 872 2008 susceperit
899 1905 1090 1988 Tacitus.

684 2173 849 2209 -οοα-

281 2423 336 2490 Ad
358 2428 550 2511 scriptorem
572 2426 714 2510 aliquem
729 2425 840 2510 probo
858 2422 1111 2508 intellegendum
1124 2425 1260 2508 eiusque
1281 2427 1335 2488 in-

198 2539 327 2622 genium
349 2539 436 2602 iuste
457 2535 693 2602 aestimandum
715 2536 850 2602 multum
874 2543 963 2600 certe
985 2535 1135 2600 utilitatis
1158 2537 1333 2620 capiemus,

198 2651 226 2712 si
247 2648 334 2711 illam
357 2668 453 2730 quam
475 2669 497 2712 a
517 2667 621 2732 puero
643 2650 810 2731 ingressus
833 2655 903 2712 erat
925 2646 1093 2712 doctrinae
1116 2648 1202 2710 vium
1229 2667 1334 2730 usque

195 2759 237 2824 ad
264 2759 361 2822 finem
390 2757 565 2843 diligenter
593 2760 898 2824 examinaverimus.
951 2757 1003 2822 Ita
1032 2766 1065 2822 et
1093 2756 1172 2842 quid
1201 2762 1234 2821 in
1262 2778 1335 2823 ser-

194 2891 289 2934 mons
311 2891 371 2934 suo
393 2872 566 2935 novaverit
590 2879 624 2935 ot
646 2868 725 2954 quid
747 2872 780 2934 in
803 2871 974 2934 sententiis
997 2868 1153 2954 paulatim
1175 2888 1335 2933 eorrexe-

195 2985 247 3064 rit,
269 2981 399 3046 facilius
421 2984 664 3067 perspiciemus.
703 2979 801 3062 Quod
823 3001 896 3046 cum
918 2983 951 3044 iu
974 2961 1121 3046 omnibus
1144 2980 1233 3045 valet
1254 3000 1336 3043 auc-

195 3095 336 3175 toribus,
371 3101 438 3158 tum
470 3096 503 3157 in
536 3115 644 3159 rerum
674 3095 851 3180 scriptore,
885 3095 976 3158 cuius
1010 3091 1162 3157 iudicium
1196 3089 1336 3158 assiduis

195 3205 312 3270 studiis
333 3209 367 3270 iu
390 3204 461 3272 dies
482 3209 571 3288 acui,
594 3209 773 3271 orationem
797 3208 1033 3270 exercitatione
1056 3207 1208 3270 continua
1229 3207 1334 3289 magis

197 3339 389 3403 expressam
410 3318 483 3382 lieri
504 3327 645 3403 oportet
673 3315 839 3382 IuTacito
862 3338 942 3382 vero
963 3314 1148 3397 iudicando,
1172 3297 1235 3398 qui'
1248 3314 1335 3378 mul-

195 3437 248 3492 tos
271 3449 374 3494 annos
406 3431 439 3492 iu
468 3429 609 3514 publicis
640 3431 781 3516 negotiis
809 3438 961 3494 versatus
993 3430 1177 3512 posteriore
1210 3434 1335 3492 tantum

196 3541 286 3605 vitoe
300 3549 395 3626 parto
408 3540 451 3605 ad
470 3553 524 3606 res
543 3543 720 3606 memoriae
741 3539 927 3626 prodendas
950 3538 1147 3621 incubuerit,
1170 3541 1202 3602 in
1225 3541 1337 3624 primis

194 3653 353 3717 rationem
376 3653 462 3718 illius
485 3656 684 3737 quaestionis
711 3651 894 3717 habendam
918 3671 991 3716 esse
1022 3650 1145 3715 nullum
1179 3658 1259 3736 puto
1282 3649 1334 3713 la·

195 3769 267 3826 tere
287 3762 451 3828 hominem
473 3763 662 3828 litteratum.
1243 3771 1246 3776 ’

283 3899 379 3964 Multi
400 3903 501 3986 igitur
521 3904 584 3966 viri
607 3899 706 3976 docti,
729 3921 802 3965 oum
816 3903 981 3986 egregiam
997 3900 1086 3964 illam
1103 3920 1212 3964 rerum
1229 3902 1336 3984 serip-

194 4012 276 4074 toris
300 4012 459 4096 speciem,
483 4012 613 4097 qualem
635 4015 669 4076 iu
691 4011 861 4078 annalibus
884 4014 1110 4097 agnoscimus,
1133 4011 1236 4076 semel
1258 4031 1337 4096 per-

194 4119 316 4186 fectam
338 4125 444 4187 animo
476 4123 538 4188 sibi
567 4124 756 4207 finxissent,
787 4126 820 4187 in
844 4144 883 4188 eo
912 4129 1133 4209 peccaverunt
1162 4120 1251 4206 quod
1273 4144 1337 4186 una
1444 4121 1445 4126 ’

193 4240 296 4318 atque
319 4232 434 4298 eadem
456 4235 571 4322 regula
592 4238 625 4299 in
648 4234 854 4300 excutiendis
871 4233 978 4298 Taciti
1000 4235 1130 4320 scriptis
1152 4233 1337 4298 utebantur.

194 4343 294 4410 Unde
316 4346 440 4412 iactum
462 4355 531 4428 est,
561 4357 597 4412 ut
619 4356 653 4412 et
675 4349 843 4412 intextus
865 4349 1057 4412 recensione
1079 4365 1180 4430 saepe
1202 4366 1336 4411 numero

193 4455 269 4540 plus
291 4477 351 4520 suo
373 4456 508 4521 arbitrio
531 4478 629 4541 quam
651 4458 782 4542 ingenio
805 4458 947 4521 auctoris
958 4455 1133 4520 tribuerint
1146 4466 1180 4520 et
1198 4455 1241 4520 de
1256 4457 1337 4540 ipsis

192 4566 295 4630 rebus
316 4566 508 4652 plerumque
530 4570 675 4652 iniquum
690 4568 844 4632 iudicium
856 4569 1004 4633 fecerint.
1028 4565 1338 4647 Quemadmodum

1114 4682 1126 4727 1
