3530 5374
404 513 444 580 18

400 685 496 753 nibus
530 685 644 756 ducta·
664 685 815 752 sensibus

402 799 507 864 oratio
529 801 633 884 magis
656 797 816 866 delectet:

867 685 980 752 dicere
1000 688 1246 752 exercitationis
1267 689 1374 772 g'ratia
1395 685 1468 750 fere
1489 692 1541 750 est

865 796 909 861 ab
931 798 971 864 iis
992 799 1194 862 institutum
1210 795 1261 881 34).

401 909 445 974 ad
477 910 552 976 hos.
574 910 815 995 permovendos
934 967 937 974 .

400 1022 619 1090 mutuabimur
642 1045 663 1090 a
686 1023 816 1106 Peripa·

291 1225 296 1234 '
402 1135 499 1201 laticis
519 1143 615 1219 aptos
639 1143 672 1200 et
693 1137 726 1199 in
743 1157 815 1200 oru-
913 1143 915 1150 '

401 1266 475 1310 nem
488 1243 740 1331 disputationem
752 1264 816 1332 pe-
883 1259 885 1266 ⁴

401 1365 491 1422 ratos
513 1359 577 1428 iam
599 1346 721 1425 locos.“

490 1469 644 1548 „Dabunt
696 1469 816 1534 Acade-

401 1583 474 1644 uu'ci
496 1582 751 1666 pugnandam,

956 1477 1260 1560 „Altercationibus
1298 1486 1396 1562 atque
1438 1484 1542 1548 inter-

866 1589 1092 1674 rogationibus
1115 1599 1278 1656 oratorem
1305 1592 1451 1656 futurum
1479 1614 1542 1678 op-

867 1700 1110 1768 timescenda
1131 1705 1349 1788 praeparant“
1365 1703 1415 1787 35).
1440 1704 1542 1786 „Acu-

868 1815 1000 1877 demiom
1018 1815 1150 1898 quidum
1172 1816 1375 1881 utilissimam
1395 1817 1541 1896 credunt,

868 1923 956 2008 quod
979 1945 1049 1991 mos
1072 1929 1105 1990 in
1127 1931 1298 2010 utramque
1320 1937 1446 2012 partem
1469 1927 1540 1991 dis-

866 2037 999 2102 serendi
1014 2035 1058 2102 ad
1078 2041 1347 2106 exercitationem
1363 2039 1541 2106 forensium

765 2139 767 2144 ¹
867 2171 1038 2216 causarum
1059 2151 1210 2235 proxime
1233 2151 1389 2216 accedat“
1403 2148 1455 2235 ³⁶).

401 2361 492 2426 Pluto
515 2360 734 2444 altitudinem,

955 2261 1250 2348 „Philosophorum
1263 2311 1272 2326 .
1285 2312 1291 2325 .
1304 2266 1398 2348 ‚quis
1415 2264 1543 2330 dubitet

866 2375 1029 2440 Platonem
1051 2395 1125 2441 esse
1145 2379 1355 2461 praecipuum
1372 2376 1442 2439 sive
1461 2396 1542 2439 acn-

867 2486 952 2548 mine
975 2484 1160 2550 disserendi
1181 2488 1251 2550 sive
1284 2485 1459 2569 eloquendi
1487 2487 1542 2550 fa-

798 2673 801 2680 ἱ
868 2597 990 2660 cultate
1007 2595 1117 2662 divina
1139 2597 1279 2680 quodam
1300 2607 1332 2662 et
1344 2596 1542 2664 Homerica?

401 3269 575 3354 Xenophon
629 3268 816 3334 iucundita-

401 3380 488 3445 tem“
503 3379 554 3463 87).

867 2707 1006 2772 Multum
1018 2711 1101 2772 enim
1115 2729 1214 2792 supra
1223 2729 1355 2792 prosam
1364 2713 1543 2774 orationem

869 2831 902 2886 et
930 2842 1027 2905 quam
1055 2821 1244 2906 pedestrem
1274 2817 1395 2885 Graeci
1425 2832 1544 2886 vocant

867 2938 982 3020 surgit,
1006 2943 1043 3000 ut
1064 2935 1142 2999 mihi
1164 2955 1229 3002 non
1251 2935 1391 3000 hominis
1410 2936 1542 3020 ingenio

867 3048 927 3112 sed
950 3046 1092 3131 quodam
1105 3047 1269 3134 Delphico
1292 3047 1444 3112 videatur
1466 3069 1544 3113 ora-

870 3157 943 3222 culo
970 3159 1152 3224 instinctus.
1198 3159 1286 3238 Quid
1315 3180 1376 3244 ego
1399 3179 1544 3224 comme-

868 3266 1544 3353 moremXenophontisillamiucunditutem

868 3381 1089 3446 inaffectatum
1122 3380 1182 3445 sed
1216 3393 1313 3463 qnam
1346 3382 1433 3444 nulla
1462 3401 1543 3445 con·

754 3517 757 3523 ¹
868 3495 962 3578 sequi
985 3493 1152 3558 affectatio
1174 3493 1322 3578 possiti*
1336 3493 1386 3577 8η).

488 3631 616 3696 Deinde
635 3653 701 3716 quo
720 3631 818 3696 modo
830 3630 997 3697 Ciceronis
1015 3629 1144 3694 dicendi
1163 3651 1267 3714 genus
1288 3626 1329 3694 ab
1352 3627 1543 3712 aequalibus

400 3746 621 3828 vituperatum
645 3745 703 3825 sit,
736 3751 773 3807 ut
800 3742 994 3828 intellegas,
1028 3741 1089 3808 hos
1113 3752 1146 3808 et
1169 3742 1275 3807 Taciti
1298 3749 1331 3805 et
1354 3739 1544 3821 Quintiliani

401 3855 493 3920 locos
514 3859 601 3919 inter
624 3875 660 3918 se
682 3854 780 3919 velim
810 3873 997 3939 compares:
1034 3851 1141 3938 „Satis
1171 3861 1299 3918 constat
1326 3873 1368 3916 ne
1393 3850 1543 3916 Ciceroni

401 4029 763 4038 -ι--κ-ο--ηοκ-ι--ιιφ-ι-μῌ-
771 4031 776 4036 .
785 4029 841 4036 ..η-4
847 4029 863 4036 .-

489 4129 523 4196 ³⁴)
541 4129 580 4182 ru.
599 4129 664 4197 xn,
683 4131 708 4198 a,
727 4131 768 4182 as.

490 4225 524 4292 ⁸¹)
541 4226 581 4277 ru.
600 4227 639 4291 x,
658 4229 682 4292 1,
701 4227 742 4278 as.

489 4319 522 4384 ⁸⁸)
541 4318 581 4370 ru.
598 4319 664 4384 xu,
683 4319 708 4384 a,
727 4318 768 4369 ao.

488 4413 522 4477 Π)
540 4413 610 4462 mu.
629 4413 671 4462 ar.

886 4029 964 4036 ..—--
995 4029 1022 4035 --.
1040 4029 1070 4034 -.-
1110 4029 1117 4034 -
1138 4029 1142 4034 -
1158 4027 1290 4036 ο---ω-...ο

490 4503 524 4570 ⁸⁸)
543 4502 657 4573 mactat.
674 4505 712 4572 x,
732 4508 756 4572 1,
774 4508 815 4556 ar.
834 4507 876 4556 aa.
