3530 5374
1246 531 1293 598 49

158 708 309 778 Romanis
341 709 486 794 aperuit,
515 729 595 775 sene
624 732 690 777 noa
719 706 955 776 contemnenda
984 709 1018 772 in
1046 709 1293 772 commentarios

158 822 324 902 retulerat,
354 843 394 888 ea
414 843 480 887 noa
503 843 618 886 curare
640 820 787 905 videtur,
818 821 963 906 quiequid
992 839 1072 886 voro
1091 820 1244 904 praesceti
1266 825 1295 882 et

155 934 349 1016 proconsules
378 936 465 1012 eius,
497 933 586 1018 quod
616 932 773 1000 describit
802 935 892 1014 aevi,
920 953 980 1016 per·
1001 952 1106 996 omnes
1128 951 1226 996 nanos
1253 929 1293 994 de

158 1048 216 1111 ista
237 1046 358 1126 insula,
390 1045 498 1130 deque
520 1046 618 1110 rebus
641 1067 660 1110 u
682 1067 718 1111 se
742 1046 787 1111 ibi
809 1048 912 1132 gestis
936 1044 1068 1108 Romam
1086 1043 1206 1128 prtblr'oe
1225 1063 1295 1126 por·

159 1160 348 1242 seripserunt,
370 1157 404 1222 id
425 1157 509 1222 adeo
525 1157 700 1243 diligenter
721 1161 753 1222 in
767 1157 944 1243 Agricolae
970 1158 1069 1222 vitum
1093 1157 1135 1238 (e.
1153 1152 1294 1236 13-17)

159 1269 333 1350 transtulit,
358 1271 451 1352 quasi
467 1269 508 1332 de
524 1290 620 1332 manu
635 1271 668 1332 iu
680 1263 810 1332 manum
826 1268 868 1331 ad
884 1275 1090 1352 posterorum
1107 1267 1294 1330 memoriam

148 1354 434 1443 ¹transmittendum
466 1380 528 1444 sibi
558 1380 646 1444 foret
669 1379 893 1444 commissum“
913 1376 975 1459 ¹¹⁸).
1020 1376 1117 1457 Quod
1146 1398 1210 1440 non
1232 1378 1297 1452 im-¹

157 1489 261 1574 pedit,
293 1511 358 1573 quo
381 1491 486 1554 minus
510 1492 607 1554 etiam
631 1489 721 1553 Fotis·
743 1487 862 1552 Raetici
883 1489 1055 1570 historias,
1086 1494 1246 1572 quatenus
1267 1488 1295 1548 is

157 1622 208 1664 res
230 1609 419 1666 narraverat
436 1599 504 1684 119),
527 1604 717 1687 respexisse
740 1603 955 1666 existimetur.

158 1819 360 1826 ’-ψη-μ
720 1819 1164 1828 ωσι-Ἣ...-
1169 1819 1291 1828 ---,.

242 1961 286 2028 ¹¹⁸)
306 1963 424 2017 „Fontes
442 1979 510 2028 quos
520 1965 632 2014 Tacitus
651 1968 677 2014 in
696 1964 835 2015 tradendls
853 1963 936 2034 nelias
954 1968 1016 2014 unte
1033 1978 1062 2014 se
1077 1963 1297 2029 gestisvideutur

156 2063 287 2120 sequutus
306 2060 401 2122 paucis
419 2059 521 2108 iudicat
539 2057 567 2111 J.
586 2056 623 2109 Η.
641 2057 674 2110 L.
693 2055 861 2110 Melerott0.“
880 2057 970 2108 Berol.
991 2059 1064 2110 ltus.
1084 2059 1130 2108 sol.
1149 2074 1174 2122 p.
1198 2060 1236 2108 lt.

242 2151 283 2219 ¹¹⁵)
303 2151 343 2203 cf.
364 2154 433 2204 Ann.
452 2153 530 2216 XIII,
549 2155 596 2216 203
615 2154 693 2219 XIV,
712 2155 740 2216 2;
759 2153 823 2219 XV,
842 2155 882 2204 61.
