3530 5374
377 536 541 612 38ι

376 727 471 782 actae
493 728 577 784 sunt.
616 719 749 800 Melc⁸⁵)
778 727 811 782 et
833 717 953 780 Plinius
966 717 1023 800 ⁸⁶),
1055 720 1110 801 qui
1140 720 1203 780 iam
1235 720 1382 782 notitiam
1407 739 1518 783 earnm

376 831 573 910 habuerant,
611 831 695 894 alter
723 831 874 915 triginta,
904 829 988 893 aiter
1014 815 1231 914 qnadraginta
1258 838 1518 893 numeraverant.

377 939 444 1006 Sed
466 959 527 1006 nos
547 949 621 1005 octo
640 949 765 1020 tantum
783 949 816 1005 et
834 943 960 1026 viginti,
983 961 1068 1024 quae
1087 941 1226 1004 habitari
1244 943 1389 1026 possint,
1413 939 1518 1006 Orca-

329 1047 331 1053 ’
377 1053 437 1118 das
473 1056 623 1118 novimus
637 1053 686 1136 ⁸⁷).
732 1053 867 1117 Tacitus
903 1062 1012 1117 autem
1049 1073 1219 1118 numerum
1247 1053 1423 1117 insularum
1454 1065 1518 1118 non

377 1166 522 1230 exhibet.

463 1303 568 1366 Porro
600 1303 628 1366 is
658 1312 768 1365 narrat
795 1301 852 1365 illa
874 1301 1083 1386 expeditione
1110 1303 1228 1384 Thylen
1252 1322 1382 1386 quoque
1405 1301 1519 1387 procul

378 1435 451 1477 esse
481 1423 709 1498 conspectam:
746 1415 925 1498 „Dispeeta
955 1422 1005 1477 est
1035 1422 1068 1477 et
1091 1413 1220 1498 Thyle,
1255 1417 1332 1497 quie
1362 1412 1518 1478 haetenus

378 1527 517 1590 iussum:
541 1535 574 1589 et
596 1525 700 1590 hiems
723 1525 915 1610 adpetebat.
939 1525 999 1589 sed
1021 1547 1107 1588 more
1124 1529 1250 1610 piqrorn
1273 1533 1301 1589 et
1313 1547 1407 1608 prom
1428 1528 1519 1589 remi-

374 1637 516 1718 gantibus
531 1637 706 1722 perhibent
720 1657 761 1700 ne
774 1639 881 1700 ventis
895 1636 1026 1720 quidem
1041 1635 1177 1722 perinde
1193 1636 1319 1701 attolli“
1339 1637 1433 1723 (Agr.
1446 1637 1519 1721 ln).

464 1749 574 1812 Prima
597 1748 722 1812 insulae
744 1747 831 1810 illius
851 1751 968 1811 notitia
980 1749 1147 1813 veteribus
1163 1749 1310 1830 aPythen
1322 1745 1520 1814 Massiliensi

378 1863 419 1939 (c.
431 1861 504 1924 334.
523 1881 551 1923 a.
569 1860 659 1940 Chr.)
680 1859 781 1923 allata
803 1867 862 1922 est.
897 1859 1015 1943 Neque
1038 1881 1118 1924 vero
1141 1861 1222 1924 satis
1245 1863 1400 1944 conqueri
1422 1869 1520 1946 pote-

378 1971 494 2050 rimuS‚
526 1969 614 2053 quod
644 1971 768 2054 egregii
798 1967 893 2033 huius
924 1971 985 2033 viri
1014 1974 1137 2056 scripta
1166 1971 1261 2035 nobis
1291 1975 1458 2056 perierunt
1471 1973 1519 2050 88).

377 2080 544 2165 Quidquid
575 2083 660 2146 enirn
692 2101 733 2144 ex
765 2083 804 2144 iis
828 2079 948 2146 Strabo
978 2081 1099 2164 aliique
1137 2083 1339 2165 antiquitatis
1368 2091 1519 2147 auctores

380 2199 632 2276 excerpserunt,
657 2212 853 2275 quamquam
876 2192 1069 2276 plerumque
1092 2213 1146 2255 res
1168 2195 1283 2272 miras,
1307 2201 1344 2256 ut
1360 2193 1520 2256 mendacii

379 2323 451 2366 eum
475 2311 707 2390 coarguerent,
732 2303 808 2366 inde
832 2312 1059 2387 sumpserunt:
1087 2311 1195 2367 tomen
1218 2304 1272 2368 vel
1296 2325 1337 2367 ex
1363 2304 1412 2369 his
1434 2325 1520 2390 pau-

378 2417 424 2477 cis
455 2415 648 2498 fragmentis
675 2413 837 2496 Pytheem
868 2421 1035 2478 auctorem
1066 2413 1132 2478 fide
1164 2415 1388 2502 dignissimum
1417 2418 1519 2482 fuisse

379 2528 615 2612 cognoscimus
666 2523 784 2589 Refert
814 2527 915 2611 igitur
939 2523 1067 2588 Strabo:
1101 2521 1254 2613 „eottqv
1276 2527 1359 2614 φησὶ
1384 2527 1520 2602 Πυθέας

379 2628 446 2701 ἀπὸ
461 2632 519 2716 μὲν
532 2635 588 2721 τῆς
601 2635 818 2724 Βρεντανικῆς
835 2631 870 2716 ἓξ
889 2627 1016 2724 ἡμερῶν
1031 2635 1134 2702 πλοῦν
1151 2631 1285 2718 ἀπέχειν
1296 2633 1379 2726 πρὸς
1391 2632 1521 2726 ἄρκτον,

381 2739 493 2832 ἐγγύς
527 2740 555 2810 d'
581 2739 691 2812 εἶναι
724 2749 793 2832 τῆς
826 2745 1062 2832 πεπηγυίας
1084 2733 1321 2834 θαλάττης’“
1346 2786 1388 2797 -
1410 2771 1524 2814 verum

382 2868 477 2922 caute
507 2857 614 2922 addit:
650 2855 708 2937 „oi
738 2851 796 2943 τήν
825 2854 1041 2946 Βρετνανικὴν
1068 2858 1124 2923 καὶ
1146 2851 1259 2947 Ἰέρνην
1283 2855 1409 2933 ἰδόντες
1431 2854 1524 2927 οὐδὲν

382 2967 458 3056 περὶ
481 2963 675 3058 νῆςΘοὺλης
697 2968 852 3053 λέγουσιν,
875 2963 977 3047 ἄλλος
1000 2960 1114 3056 νήσους
1136 2968 1284 3053 λέγοντες
1303 2967 1424 3058 μικροῖς
1446 2969 1524 3060 περὶ

381 3075 441 3170 τήν
464 3072 698 3169 Βρεντανικήν“
713 3082 771 3166 ⁸⁹),
804 3091 904 3166 etque
932 3081 995 3147 hoc
1023 3092 1189 3164 tamquam
1218 3105 1304 3148 novo
1332 3094 1523 3170 argumento

381 3193 545 3278 Pythoum
580 3193 741 3258 mendacii
776 3195 959 3258 convictum
996 3215 1069 3258 esse
1105 3195 1335 3278 existimat⁹⁰).
1379 3193 1425 3259 Et
1452 3197 1525 3280 ipse

382 3305 503 3369 Plinius
534 3305 690 3391 „Thylen
723 3327 784 3371 sex
815 3306 941 3372 dierum
969 3307 1179 3392 navigatione
1206 3307 1240 3368 in
1260 3309 1525 3391 ‚septentrionem

382 3437 403 3480 a
424 3415 593 3483 Britannia
622 3417 764 3484 distare“
794 3409 957 3502 Pytheam
987 3423 1106 3482 testem
1134 3413 1300 3499 laudat⁹¹)
1331 3425 1430 3500 atque
1460 3417 1524 3482 alio

1409 3617 1524 3628 ..ι-...ιιι-

474 3761 506 3827 ⁸⁸)
523 3763 573 3826 111,
591 3765 620 3814 6:
642 3763 782 3827 ,Triginta
799 3767 864 3814 sunt
876 3761 997 3816 Orcades
1015 3766 1226 3830 augustiniutar
1244 3777 1274 3814 ee
1286 3763 1385 3814 ductae
1406 3767 1526 3830 spatiie.⁰

470 3863 502 3932 ⁸⁸)
520 3865 552 3916 N.
571 3865 606 3916 H.
624 3865 679 3931 IV,
704 3867 775 3921 1032.
806 3864 894 3922 ‚Sunt
920 3870 1011 3916 eutem
1035 3867 1088 3918 XL
1111 3865 1233 3918 Orcadas
1260 3865 1374 3918 modicis
1399 3868 1470 3918 inter
1495 3883 1526 3918 se

386 3963 520 4014 discretae
538 3964 668 4026 spatiis&
997 3949 1000 3956 ⁴

474 4056 506 4120 ⁵⁷)
526 4055 567 4108 Cf.
589 4053 693 4109 Waleh
710 4071 737 4121 p.
757 4058 815 4108 186.
1395 4083 1398 4088 ,

474 4149 508 4216 ⁸⁸)
527 4149 568 4202 Gt.
592 4147 650 4203 Oac
668 4148 784 4203 Pacta.
808 4151 825 4200 l.
843 4151 860 4200 1.
883 4166 910 4216 p.
931 4153 945 4202 l
971 4165 1025 4215 eq,
1053 4151 1101 4202 ubi
1123 4153 1204 4204 enan
1230 4154 1322 4204 variae
1346 4153 1525 4218 interpretum

386 4249 526 4314 opiniones
544 4247 665 4298 breviter
681 4250 865 4297 recensentur.

474 4341 509 4408 ”)
526 4342 549 4408 1,
567 4342 592 4408 4,
611 4343 634 4390 2.
654 4342 678 4391 3.
696 4355 722 4405 p.
742 4342 789 4405 6³3
807 4342 842 4391 ct'.
860 4341 909 4407 IV,
928 4341 953 4408 ὁ,
972 4341 995 4391 b.
1014 4356 1041 4406 p.
1060 4341 1118 4390 201.

473 4437 507 4499 ⁸⁰)
525 4437 547 4502 1,
564 4437 591 4501 4,
609 4438 633 4488 Β.
650 4451 677 4502 p.
695 4438 743 4490 dez
763 4433 882 4502 „liciter
899 4431 962 4510 ἀνὴρ
982 4431 1141 4508 ψνοδὶπατοο
1160 4431 1320 4510 iihmerea“

474 4530 504 4600 ⁸¹)
521 4532 554 4582 rr.
572 4532 607 4581 u.
626 4533 661 4598 11,
683 4535 741 4583 rer.
