3530 5374
204 725 334 801 praeter
346 724 495 780 extrema
507 714 717 779 institutionis
736 733 835 798 supra
853 721 1125 778 commemoratae
1145 713 1340 777 lineamenta

205 842 315 894 eornm
345 834 468 891 tantum
498 828 693 912 mentionem
722 825 838 888 faciam
868 832 1135 909 praeceptorum,
1166 823 1283 907 quibus
1307 832 1342 887 et

204 943 361 1006 sermonis
395 948 429 1004 et
460 939 635 1003 historicae
666 935 834 1000 doctrinae
864 933 971 999 Taciti
1003 938 1097 1018 quasi
1130 935 1341 1002 fundamenta

202 1051 411 1118 iaciebantur.

286 1162 487 1228 Praescribit
507 1163 607 1246 igitur
626 1158 855 1240 Quintilianus,
879 1167 915 1222 ut
936 1179 1019 1244 puer
1039 1179 1059 1222 a
1080 1160 1202 1224 teneris
1222 1159 1340 1224 Latine

203 1275 396 1358 Graeceque
423 1276 547 1358 pariter
575 1271 666 1355 loqui
697 1271 803 1335 discat
836 1269 878 1354 (Ι,
904 1273 933 1351 1,
958 1273 996 1334 12
1019 1273 1122 1354 sqq),
1160 1270 1278 1336 deinde
1307 1274 1340 1335 in

203 1387 402 1473 grammatici
424 1383 568 1450 scholam
588 1386 706 1448 missus
725 1403 791 1446 una
801 1385 1043 1468 grammaticam
1060 1381 1103 1466 (Ι,
1115 1382 1235 1466 4-9.),
1257 1403 1340 1467 geo-

201 1500 363 1580 metriam,
393 1499 548 1561 musicam
580 1495 619 1580 (1,
645 1493 708 1577 10.)
741 1494 905 1559 doceatur.
950 1494 1068 1577 Neque
1098 1495 1162 1558 iam
1191 1493 1340 1558 Tacitum

201 1606 303 1694 probe
325 1607 505 1692 Vergilium
528 1609 660 1671 novisse
682 1605 886 1687 mirabimur,
919 1609 946 1670 si
968 1605 1165 1670 audierimus
1199 1607 1340 1690 „optime

201 1719 381 1782 institutum
406 1737 496 1798 esse,
526 1727 562 1782 ut
591 1716 633 1782 ab
656 1715 801 1780 Homero
835 1723 935 1799 utque
958 1715 1104 1802 Vergilio
1132 1716 1229 1780 lectio
1257 1718 1340 1781 inci-

200 1832 314 1914 peret“
339 1827 378 1909 (Ι,
402 1830 431 1910 8,
456 1828 508 1910 5.).
553 1827 732 1911 Postquam
761 1824 804 1891 ad
835 1848 891 1891 eas
914 1829 947 1889 in
970 1825 1086 1892 studiis
1109 1829 1196 1891 vires
1218 1847 1341 1911 perve-

201 1947 293 2005 nerat
314 1961 408 2026 puer,
431 1948 477 2021 ut,
500 1960 585 2023 quae
607 1942 711 2024 prima
734 1949 810 2004 sunt
832 1940 998 2004 rhetorum
1022 1955 1209 2023 praecepta,
1232 1947 1341 2004 mente

201 2054 358 2135 consequi
368 2060 492 2135 posset,
508 2051 715 2133 eloquentiae
725 2053 933 2135 praeceptori
944 2049 1135 2115 tradebatur
1147 2049 1208 2134 (II,
1218 2052 1339 2135 lsqq.)‚

202 2186 222 2228 a
244 2184 310 2248 quo
332 2165 432 2227 variis
453 2164 750 2248 progymnasmatis
775 2165 939 2228 exercitus
962 2161 1020 2245 (ΙΙ,
1038 2162 1158 2247 4sqq.)
1180 2164 1260 2247 ipsis
1279 2163 1341 2227 de·

200 2278 298 2360 nique
316 2277 396 2339 artis
408 2275 591 2340 rhetoricae
604 2276 789 2358 praeceptis
808 2273 1037 2338 instituebatur
1048 2274 1107 2359 (II,
1125 2273 1340 2359 11-X1‚3.).

201 2388 253 2452 Ac
274 2394 455 2451 memoratu
477 2384 611 2471 dignum
633 2387 745 2467 fuerit,
768 2407 833 2470 quo
846 2385 943 2450 modo
956 2385 1174 2466 Quintilianus
1188 2388 1340 2472 proprie·

201 2507 285 2562 tates
308 2500 507 2581 ingeniorum
531 2496 730 2580 dispexerit3
764 2517 904 2579 namque
921 2496 1034 2560 alium
1056 2497 1213 2560 historiae
1233 2499 1339 2583 magis

201 2607 352 2674 idoneum
377 2628 466 2689 esse,
496 2607 593 2672 aliurn
625 2608 840 2692 compositum
862 2607 904 2670 ad
927 2629 1074 2688 carmen,
1107 2607 1205 2671 alium
1226 2610 1339 2673 utilem

202 2720 310 2785 studio
333 2723 420 2797 iuris,
444 2719 616 2786 nonnullos
638 2740 694 2784 rus
716 2719 860 2784 sortasse
876 2719 1069 2786 mittendos:
1090 2721 1260 2802 varmei,
1283 2723 1340 2805 qni

201 2833 274 2896 foro
298 2832 479 2897 destinatus
501 2833 557 2911 sit,
592 2839 628 2894 ut
652 2839 721 2894 erat
744 2830 891 2909 Tacitus,
925 2852 990 2895 non
1021 2833 1054 2894 in
1084 2851 1181 2896 unam
1212 2840 1339 2916 partem

201 2943 343 3026 aliquam
365 2943 424 3008 sed
447 2945 479 3006 in
502 2946 608 3008 omnia
637 2963 722 3026 quae
754 2945 818 3008 sint
841 2945 910 3008 eius
934 2945 1059 3028 operis,
1090 2945 1187 3009 etiam
1218 2947 1246 3008 si
1274 2965 1340 3028 qua

202 3055 386 3120 difficiliora
409 3054 582 3120 videantur
594 3053 743 3135 discenti,
767 3055 997 3120 elaborandum
1014 3076 1090 3120 esse
1100 3055 1156 3139 (11,
1169 3057 1339 3140 8,6sqq.).

201 3167 249 3232 Ut
281 3167 404 3252 largam
437 3166 610 3232 verborum
641 3168 768 3253 copiam
800 3174 916 3232 nactus
950 3167 1079 3232 dicendi
1111 3165 1338 3251 scribendique

201 3279 390 3344 facultatem
413 3279 475 3344 sibi
487 3280 682 3362 acquireret,
704 3281 769 3341 iam
786 3277 1050 3343 adolescentulus
1062 3279 1197 3342 Tacitus
1208 3299 1229 3340 a
1239 3300 1339 3364 prae-

201 3399 336 3474 ceptore
365 3412 424 3454 suo
453 3388 660 3470 monebatur,
693 3396 786 3453 utet
809 3388 955 3454 Graecos
979 3396 1012 3453 et
1034 3389 1200 3454 Romanos
1222 3399 1339 3474 poetas

200 3524 308 3568 rerum
330 3505 508 3588 scriptores
532 3509 680 3565 oratores
701 3499 915 3586 philosophos
931 3521 1027 3564 manu
1038 3501 1187 3565 volveret
1201 3499 1262 3585 (X,
1276 3501 1338 3589 1.);

202 3617 339 3699 eiusque
361 3617 484 3701 scripta
507 3615 701 3679 documento
724 3621 816 3694 sunt,
848 3634 945 3697 quam
967 3623 1057 3679 recte
1078 3619 1265 3700 perceperit
1294 3637 1337 3679 ex

200 3726 389 3792 auctoribus
417 3727 557 3792 lectione
588 3726 694 3812 dignis
728 3733 761 3790 et
788 3725 963 3791 verborum
992 3726 1180 3791 sumendam
1212 3729 1339 3812 copiam

201 3859 276 3903 esse
299 3849 333 3904 et
357 3841 549 3903 varietatem
572 3839 749 3924 figurarum
772 3846 806 3901 et
828 3837 1044 3921 componendi
1065 3839 1239 3918 rationem,
1269 3847 1338 3901 tum

200 3951 241 4015 ad
266 3951 453 4035 exemplum
474 3952 631 4015 virtutum
654 3953 794 4014 omnium
816 3959 957 4016 mentem
980 3949 1200 4035 dirigendam3
1231 3971 1338 4032 neque

200 4063 285 4127 enim
307 4061 450 4126 dubitari
470 4083 581 4147 posse,
604 4063 682 4145 quin
704 4063 783 4126 artis
806 4083 882 4146 pars
904 4081 1022 4147 magna
1045 4064 1247 4126 contineatur
1263 4063 1338 4124 imi-

200 4177 342 4257 tatione3
371 4196 445 4239 nam
467 4184 504 4239 ut
525 4177 671 4240 invenire
693 4177 830 4261 primum
858 4176 959 4238 fuerit
980 4160 1089 4259 sitque
1110 4168 1338 4261 praecipuum:

199 4289 248 4352 sic
270 4308 319 4368 ea,
342 4308 427 4370 quae
450 4286 534 4354 bene
555 4289 689 4350 inventa
710 4287 789 4365 sint,
822 4285 901 4349 utile
924 4306 999 4352 esse
1021 4288 1116 4371 sequi
1145 4285 1206 4368 (X,
1230 4287 1260 4366 2,
1286 4285 1338 4368 1.)

198 4397 271 4462 Nec
298 4380 449 4481 profecto
476 4397 576 4462 facile
607 4404 779 4462 contentus
808 4404 879 4460 erat
901 4399 1039 4462 oratoris
1068 4399 1206 4462 edentia
1232 4397 1337 4476 Quin-

198 4508 346 4573 tilianus:
374 4529 483 4574 mores
512 4517 589 4574 ante
616 4509 724 4572 omnia
746 4507 866 4572 oratori
889 4493 1005 4574 studiis
1035 4529 1109 4573 esse
1136 4507 1337 4576 excolendos
