3530 5374
1256 520 1299 590 25

166 695 361 764 Wetttttnius
372 698 462 764 locos
475 699 549 764 illos
560 699 735 764 contulerit
745 698 796 782 ⁸⁷),
819 699 938 784 quibus
946 697 1094 766 Sallustii
1106 708 1139 762 et
1152 697 1299 784 Vergilii.

164 812 277 894 partim
301 810 390 876 Livii
410 821 445 876 et
467 810 600 876 Horatii
621 813 743 897 scripta
765 821 801 877 ut
823 811 890 878 stili
911 811 1076 876 formandi
1098 810 1302 896 exemplaria

165 921 277 988 Tacito
300 925 342 990 ob
365 925 478 990 oenloe
497 931 630 990 versato
652 945 727 990 esse
748 923 916 1010 probatur.

247 1333 429 1400 Oratoriarn
461 1337 559 1420 igitur
581 1334 687 1402 Taciti
711 1336 944 1418 eruditionem,
977 1359 1073 1422 quam
1097 1357 1198 1422 supra
1220 1357 1302 1400 enu-

166 1447 348 1524 cleavimus,
371 1449 584 1532 perspexisse
606 1444 701 1511 nobis
719 1468 801 1532 opus
819 1457 878 1530 est,
901 1449 929 1512 si
944 1447 1076 1534 quidem
1093 1447 1134 1514 de
1154 1446 1304 1534 doctripa

166 1561 249 1639 eius,
281 1557 386 1642 qualis
409 1561 441 1621 in
464 1560 691 1624 historicorum
714 1557 868 1624 librorum
901 1558 1096 1627 excursibus
1125 1559 1220 1624 nobis
1244 1579 1303 1624 oc·

165 1671 278 1754 currit,
309 1671 446 1736 liberum
468 1672 653 1754 iustumque
683 1669 837 1736 iudicium
859 1672 971 1736 facere
993 1671 1153 1738 volumus.
1196 1669 1303 1736 Num-

165 1803 258 1865 quam
281 1783 364 1846 enirn
389 1803 431 1847 ex
455 1783 610 1846 memoria
632 1780 832 1868 deponamus
856 1789 1001 1846 nostrum
1028 1782 1216 1848 historicum
1239 1803 1303 1844 non

165 1893 205 1956 ab
227 1893 317 1954 initio
340 1881 446 1962 re'rum
469 1893 637 1978 scriptoris
666 1900 777 1976 partes
807 1892 1005 1970 obtinuisse,
1039 1892 1109 1972 sed,
1129 1901 1303 1978 postquam

164 2023 312 2090 magnam
334 2004 422 2067 vitae
444 2011 571 2088 partem
603 2004 678 2068 foro
701 2024 740 2068 ac
762 2006 810 2068 rei
831 2004 984 2090 publicae
1005 2006 1215 2086 inservisset,
1245 2025 1304 2070 ac-

167 2116 306 2178 cinxisse
328 2135 403 2178 sese
427 2114 470 2178 ed
488 2136 541 2180 res
557 2123 669 2200 gestas
684 2118 826 2199 posteris
845 2115 1034 2198 tradendas,
1056 2113 1089 2178 id
1105 2115 1304 2200 quodetiam

166 2227 203 2306 Q.
226 2225 437 2290 Hortensium
467 2225 657 2292 Sallustium
680 2227 829 2292 Asinium
854 2227 1037 2294 Pollionem
1066 2228 1149 2294 alios
1182 2229 1303 2294 fecisse

166 2347 363 2422 compertum
396 2337 562 2402 habemus.
607 2337 659 2402 Illi
688 2347 796 2422 autem
828 2361 1002 2418 excursus,
1037 2360 1109 2404 cum
1139 2339 1181 2404 ad
1215 2341 1305 2404 catio

165 2452 333 2514 studiorum
352 2471 467 2534 ponera
490 2453 685 2539 pertineant,
708 2471 773 2516 non
796 2451 909 2516 eedem
932 2451 1130 2540 regulaque
1152 2453 1305 2523 continua

166 2583 270 2626 rerum
293 2563 436 2627 narratio
458 2561 633 2640 iudicandi,
656 2562 715 2628 sed
737 2583 875 2628 seorsum
896 2563 938 2628 ah
962 2585 1002 2628 ea
1017 2563 1200 2646 inquirendi
1219 2571 1303 2628 sunt.

252 2671 302 2737 Eo
324 2675 424 2760 igitur
446 2673 580 2738 consilio
603 2676 805 2760 propositam
826 2673 922 2738 nobis
939 2673 980 2738 de
992 2673 1099 2740 Taciti
1110 2673 1303 2741 excursibus

166 2783 426 2856 dissertationem
450 2787 496 2874 ¹ita
518 2786 742 2865 instituemus,
764 2790 798 2848 ut
820 2805 898 2870 puae
921 2785 975 2848 atii
997 2786 1187 2870 antiquitatis
1209 2786 1305 2868 scrip·

166 2902 247 2958 tatus
268 2897 438 2960 rettulerint
460 2899 661 2978 conserentes,
681 2897 755 2980 quid
776 2897 842 2960 ceri
864 2902 918 2960 aut
931 2898 1011 2978 salsi
1025 2898 1096 2962 insit
1111 2898 1305 2982 eaeplicemus,

165 3030 181 3070 e
204 3009 311 3092 quibas
325 3009 466 3090 sontibus
492 3009 543 3071 ille
573 3009 651 3071 hanc
681 3029 770 3072 surim
799 3010 970 3072 doctrinam
997 3011 1132 3074 hauserit
1160 3015 1307 3094 parentum

154 3119 233 3198 fieri
251 3124 364 3202 poterit
386 3123 634 3184 destronstremus.

251 3503 416 3592 Superiori
439 3513 571 3571 nostrae
594 3505 792 3592 expositioni
815 3505 925 3568 statim
949 3523 1005 3568 eas
1028 3523 1081 3567 res
1099 3501 1305 3590 adiungimus

160 3616 393 3698 recensendas,
417 3639 554 3701 quarum
577 3619 724 3681 notitiam
742 3615 876 3680 Tacitus
899 3638 964 3680 non
987 3637 1030 3682 ex
1054 3615 1211 3702 singulari
1234 3623 1307 3680 stu-

159 3728 218 3794 dio
241 3729 301 3794 sed
323 3750 367 3796 ex
390 3733 543 3796 universa
564 3729 620 3793 illa
642 3727 791 3794 doctrina
813 3737 965 3812 ceperat:
988 3730 1124 3794 eeeuim
1138 3726 1305 3812 intellego,

160 3861 252 3923 quaa
274 3841 312 3906 dc
332 3842 413 3906 coeti
435 3848 595 3924 terraeque
615 3847 730 3904 natura
752 3842 840 3921 sive,
868 3848 905 3902 ut
927 3839 1038 3904 verbis
1061 3838 1154 3904 nobis
1177 3840 1307 3903 usitatis

159 3960 249 4032 utar,
272 3953 310 4016 dc
330 3953 520 4037 penpinpltio
541 3953 757 4016 mcttmmtirc
779 3957 808 4014 et
816 3952 947 4036 physico
958 3950 1012 4014 hie
1029 3949 1097 4014 illic
1114 3949 1248 4014 disserit
1255 3951 1305 4046 ι’).

250 4229 284 4297 ⁸²)
301 4227 402 4286 Pallet
419 4229 524 4282 XXVL
543 4243 569 4294 p.
589 4229 637 4282 121
655 4243 713 4294 sqq.
738 4228 779 4282 ct
797 4227 910 4298 Draper
928 4228 1037 4287 „Ueber
1055 4226 1162 4294 syntax
1179 4225 1235 4280 und
1253 4226 1307 4291 sut

157 4327 212 4379 des
232 4326 369 4378 Tacitus&
404 4325 499 4391 Inipe.
518 4327 593 4378 1868.
611 4340 638 4392 p.
659 4325 709 4378 10³
726 4339 784 4390 sqq.

251 4421 284 4484 ⁸⁸)
302 4420 367 4488 Agr.
378 4423 424 4489 1⁰5
443 4420 591 4486 „Dispecta
607 4425 653 4472 est
670 4419 798 4484 et'l'hyle
816 4457 822 4470 .
843 4455 848 4470 .
867 4457 873 4468 .
893 4420 942 4470 sed
959 4431 1034 4476 saort
1048 4415 1163 4486 piprttnt
1180 4419 1207 4470 ct
1222 4405 1307 4487 praue

153 4513 358 4584 remipcntttna
380 4517 525 4582 perhibent
552 4528 586 4567 na
610 4518 699 4568 ventis
723 4515 833 4581 quidem
856 4514 969 4582 perinde
993 4514 1096 4581 attolli,
1129 4507 1210 4568 aeto
1232 4509 1307 4581 qaod
