3484 5374
373 475 435 540 100

458 625 545 710 Tum
564 645 731 729 Dionysius
741 647 1025 711 Halicarnassensis
1036 646 1143 713 nullos
1161 669 1274 733 regum
1287 658 1397 714 aetate
1409 670 1516 733 quae-

371 771 478 827 stores
510 770 756 844 commemorem
789 760 847 824 sed
876 763 1046 825 iam‘anuo
1070 761 1143 824 507.
1167 783 1195 824 a.
1220 760 1295 826 Chr.v
1319 770 1515 845 quaestores

371 873 488 938 aerarii
500 877 556 956 qui
568 874 757 938 Porsennae
770 873 857 937 bona
870 872 1059 955 divendant,
1076 873 1164 958 apud
1177 897 1249 938 eum
1261 872 1515 958 reperimus²⁵⁶t
1557 959 1562 966 .

371 987 488 1070 Itaque
511 985 599 1050 haud
622 989 690 1050 scio
719 977 761 1050 an
784 1009 803 1050 a
824 982 998 1070 Poplicola
1028 995 1221 1069 quaestores
1250 989 1417 1051 institutos
1441 1005 1516 1051 esse

371 1101 545 1186 putaverit.
589 1099 755 1184 Deinceps
791 1106 984 1180 quaestores
1025 1101 1142 1162 aerarii
1176 1119 1260 1162 anno
1291 1099 1363 1162 493.
1387 1119 1416 1162 a.
1440 1096 1516 1162 Chr.

371 1212 524 1279 Menenio
554 1211 724 1297 Agrippae
753 1211 894 1296 publicis
924 1212 1107 1296 sumptibus
1135 1213 1233 1275 funus
1261 1211 1381 1276 fecisse
1410 1211 1452 1274 ab
1476 1231 1516 1274 eo

373 1323 584 1408 perhibentur
598 1321 661 1405 ¹²⁵⁶).
684 1323 739 1386 Ex
763 1325 910 1410 oratione
922 1346 941 1386 a
953 1323 1057 1387 Decio
1070 1323 1200 1387 tribuno
1214 1323 1319 1408 plebis
1342 1344 1427 1386 auno
1441 1325 1516 1386 491.

372 1459 401 1500 a.
421 1435 496 1534 Chr.
520 1437 631 1500 habita
654 1435 845 1518 quaestores
869 1436 1012 1519 praedae
1035 1435 1228 1500 vendendae
1252 1436 1362 1498 officio
1385 1436 1517 1498 functos

374 1570 447 1615 esse
477 1541 689 1634 apparate).
735 1549 832 1612 Anno
860 1550 933 1611 485.
957 1557 990 1612 et
1012 1549 1084 1612 459.
1109 1571 1137 1612 a.
1161 1547 1237 1614 Chr.
1264 1549 1433 1612 manubias
1464 1547 1518 1610 di-

336 1693 342 1706 ·
373 1661 517 1728 vendero
539 1663 690 1726 iubentur
703 1659 769 1742 ²⁵⁸).
801 1661 896 1724 Anno
920 1663 993 1722 449.
1009 1683 1037 1722 a.
1051 1659 1126 1726 Chr.
1150 1660 1236 1722 bona
1259 1659 1518 1724 decemvirorum

373 1774 659 1838 condemnatorum
684 1773 736 1836 vol
766 1774 978 1856 profugorum
1001 1773 1168 1857 publicata
1191 1775 1223 1837 in
1245 1774 1405 1836 aerarium
1426 1769 1518 1834 redi-

375 1895 456 1971 gunt
466 1883 531 1968 ²⁵⁹).
561 1883 627 1949 Sed
640 1885 819 1966 Dionysius
842 1885 939 1946 etiam
958 1882 1013 1967 Sp.
1027 1881 1133 1948 Cassii
1146 1881 1201 1965 ²⁶⁰)
1223 1892 1257 1946 et
1273 1883 1318 1946 Μ.
1330 1881 1456 1946 Volscii
1464 1879 1517 1962 2451)

374 2018 491 2061 causas
515 1995 629 2060 eodem
654 2013 718 2078 quo
742 1995 856 2058 Livius
878 1993 982 2057 modo·
999 1995 1120 2076 refert3
1150 2003 1184 2058 at
1213 2003 1303 2058 certe
1325 1997 1441 2056 mirum
1465 2002 1516 2057 est

375 2109 464 2192 quod
484 2116 677 2192 quaestores
700 2110 756 2190 qui
779 2105 895 2170 Cossio
920 2107 1005 2170 diem
1029 2105 1199 2184 dixerantj
1217 2124 1282 2168 uon
1304 2101 1436 2191 ἐφέτας,
1458 2103 1518 2168 sed

374 2217 498 2302 ταμίας
521 2241 644 2303 eosque
667 2217 757 2283 adeo*
774 2216 863 2292 νέους
887 2213 935 2282 ἔτι
957 2210 1014 2303 τὴν
1036 2210 1168 2300 ἠλικίαν
1191 2215 1410 2302 appellatwt.
1509 2227 1513 2233 ’

461 2331 559 2412 Quod
590 2334 618 2396 si
640 2333 747 2396 omnia
776 2329 1080 2414 comprehenderis,
1111 2329 1306 2412 Dionysium
1335 2337 1370 2390 et
1399 2329 1517 2390 aerarii

374 2429 687 2508 administrationem
712 2449 744 2504 et
767 2441 971 2525 publicorum
994 2449 1221 2504 accusatorum
1249 2461 1367 2504 munus
1387 2439 1431 2504 ab
1452 2441 1517 2502 ini-

373 2557 421 2618 tio
443 2556 497 2618 uni
519 2552 691 2636 eidemque
714 2553 925 2636 magistratui·
941 2550 1095 2614 tribuisse
1118 2550 1290 2614 concedes.

352 2729 356 2735 ,
461 2663 615 2730 Ceterum
648 2661 970 2727 animadvertendum
1008 2683 1081 2726 esse
1123 2661 1253 2726 videtur
1293 2662 1424 2726 diversa
1461 2663 1519 2726 illa

373 2784 586 2859 quaestorum
610 2796 751 2840 munera
781 2775 942 2839 uocabulo
977 2773 1191 2858 „parricidii“
1206 2770 1264 2856 263)
1295 2773 1408 2836 addito
1442 2767 1518 2840 sero

374 2907 482 2970 aeque
505 2908 651 2952 ererum
681 2887 895 2972 scriptoribus
926 2885 985 2950 sed
1014 2907 1034 2948 a
1056 2887 1274 2970 granimatiois
1299 2893 1332 2948 ei
1353 2887 1432 2950 iuris
1454 2907 1518 2971 pe-

375 3001 445 3062 ritis
467 3002 552 3064 inter
575 3021 610 3064 se
635 2999 799 3082 distingui.
1183 2991 1185 2998 ’

461 3111 649 3194 Pomponius
682 3113 768 3173 enim
792 3109 854 3172 ille
887 3107 1047 3172 Hadriani
1080 3117 1190 3172 aetate
1223 3111 1302 3170 iuris
1336 3107 1516 3188 consultus,

375 3227 467 3287 cuius
491 3220 661 3286 enchiridii
688 3243 841 3306 magnum
870 3220 1095 3306 fragmentum·
1118 3223 1151 3282 iu
1174 3219 1310 3304 digestis
1324 3217 1378 3300 ²⁶⁴)
1401 3241 1518 3284 serva·

378 3415 556 3426 mu...-
759 3413 1004 3430 ..ἶ-μ--ο-ο--η-«υ
1032 3415 1040 3419 .
1068 3416 1075 3419 -
1098 3415 1196 3420 .,.,.-...,
1231 3414 1248 3420 -.
1316 3413 1415 3420 ----—-
1427 3411 1518 3418 -------·

463 3517 509 3580 rsa)
527 3517 563 3584 v,
581 3518 621 3566 34

462 3613 508 3676 Ν)
526 3609 576 3676 VI,
593 3611 634 3660 96.

462 3705 508 3772 ¹⁵⁷)
526 3703 588 3770 vn,
606 3706 647 3756 63,

462 3799 510 3866 ²⁵⁸)
526 3800 603 3865 vm,
621 3800 667 3862 823
686 3798 723 3863 X,
742 3798 782 3847 21.

463 3895 508 3959 ²⁵⁸)
527 3895 579 3960 XI,
596 3895 638 3947 46.

464 3991 510 4057 ²⁶⁰)
529 3991 605 4056 VIII,
624 3993 664 4042 Ἡ.

464 4085 509 4149 ²⁸¹)
526 4086 564 4149 X,
583 4087 623 4137 23.

463 4180 508 4248 ²⁶²)
528 4179 569 4230 cf.
587 4175 781 4247 Seluoeplerrrm
797 4179 815 4229 1.
833 4177 851 4228 l.
869 4177 904 4244 ΙΙ,
925 4178 982 4228 132.
1003 4178 1060 4229 135.

463 4275 509 4342 ²⁸⁸)
528 4275 700 4326 Vocabulum
718 4273 862 4340 „aerarii“,
881 4288 935 4338 quo
948 4279 1107 4338 quaestores
1121 4275 1218 4323 aerarii
1233 4274 1267 4323 ab
1285 4272 1339 4322 alio
1356 4273 1518 4335 magistratu

378 4377 548 4436 separentur,
566 4373 628 4420 ante
646 4369 772 4418 Tacitum
790 4384 807 4417 a
824 4371 930 4417 nemine
949 4372 1109 4432 usurpatum
1128 4381 1188 4418 esse
1206 4367 1322 4418 videtur,

465 4465 510 4531 ²⁸⁴)
527 4463 631 4528 Digest.
650 4463 672 4527 1,
691 4464 713 4512 2.
