3484 5374
337 425 406 536 ι64

364 641 576 727 amplitudine
599 641 662 707 soii
683 641 796 709 labore
817 665 884 710 non
902 643 1149 726 contenduut“),
1172 654 1209 709 ut
1220 646 1394 728 quotannis
1406 667 1506 732 agros

365 753 522 818 serendos
554 754 704 838 (,arva“)
727 763 853 818 mutare
882 757 1010 839 possint
1032 756 1107 840 („in
1129 758 1219 820 vices
1233 755 1282 836 ¹⁶⁰)
1306 765 1508 842 occupantur·

365 865 489 950 agri‘),
515 885 555 933 ac
576 873 686 930 tamen
708 887 789 951 ager
811 866 952 930 incultus
974 863 1128 951 supersit.
1172 867 1224 930 Ita
1245 867 1338 932 locus
1360 868 1416 933 ille
1439 869 1508 932 dif-

364 975 526 1040 ficillimus
548 987 648 1061 atque
670 978 712 1043 ab
734 979 967 1062 interpretibus
991 978 1150 1043 distortus
1172 979 1267 1043 nobis
1291 979 1508 1064 explicandus

365 1109 439 1154 esse
462 1088 599 1154 videtur.
642 1089 725 1152 Eum
748 1099 858 1154 eutem
880 1094 951 1176 agri
974 1091 1120 1156 culturae
1143 1094 1300 1156 rationem
1328 1111 1426 1175 quum
1448 1113 1508 1157 nos

367 1198 803 1282 „Dreifelderwirthsehafu
816 1220 937 1262 vocare
946 1203 1185 1280 consuevimus,
1198 1199 1375 1264 maioribus
1387 1203 1508 1265 nostris

365 1315 429 1376 iam
451 1312 535 1375 hanc
557 1331 654 1374 unum
672 1311 714 1374 ob
732 1332 863 1374 causam
876 1311 1020 1375 tribuere
1038 1315 1226 1394 nequimus,
1250 1311 1339 1394 quod
1352 1333 1408 1376 eos
1421 1315 1509 1398 agris

365 1423 511 1489 colendis
533 1422 655 1486 nullam
677 1424 749 1488 fere
772 1443 905 1507 operam
917 1421 1049 1488 dedisse
1068 1443 1111 1488 ex
1124 1422 1268 1488 Caesare
1292 1423 1343 1507 (B.
1354 1421 1394 1486 G.
1403 1422 1509 1504 1v‚1;

365 1533 513 1616 Vitta.)
536 1544 570 1600 et
593 1535 708 1598 Tacito
731 1536 773 1617 (c.
798 1535 862 1617 26.)
885 1544 1086 1620 compertum
1108 1535 1275 1600 habemus.
1314 1535 1362 1600 At
1384 1538 1412 1599 si
1434 1537 1508 1619 quis

365 1648 452 1712 forte
476 1645 633 1710 obiecerit
654 1667 805 1731 maguam
835 1667 878 1710 ex
901 1654 1014 1710 nostra
1036 1649 1307 1732 interpretatione
1329 1646 1510 1710 difficulta-

366 1767 432 1824 tem
454 1761 564 1840 nasei,
587 1757 677 1842 quod
699 1768 768 1824 tum
784 1761 857 1844 agri
878 1741 1077 1822 alendis'tot
1098 1758 1283 1824 hominibus
1305 1780 1370 1824 uon
1389 1759 1512 1824 fuerint

365 1870 552 1952 suffecturi,
575 1869 724 1952 evolvat,
747 1891 890 1954 quaeso,
914 1869 1092 1936 Caesarem
1114 1879 1149 1934 et
1164 1869 1331 1953 Tacitum,
1355 1873 1412 1955 qui
1422 1869 1510 1936 Ger-

364 2005 478 2048 munos
509 2005 574 2047 non
603 1983 740 2047 multum
770 1985 952 2063 frumento,
985 1984 1045 2049 sed
1076 1984 1161 2048 lacte
1193 1991 1228 2050 et
1258 2001 1355 2049 corne
1386 1985 1510 2048 vixisse

367 2103 546 2177 testantur3
575 2095 659 2162 adeo
683 2094 817 2160 Tacitus
845 2117 872 2160 o.
897 2097 964 2177 23„
994 2117 1060 2180 quo
1091 2094 1329 2160 Germanorum
1356 2095 1511 2160 alimento

368 2216 555 2290 enumerat,
577 2209 775 2273 frumentum
798 2207 927 2272 silentio
950 2188 1189 2291 praetermittit.

453 2345 577 2410 Verum
615 2348 698 2410 enim
735 2366 815 2410 vero
846 2343 887 2408 de
925 2345 1065 2409 omnium
1096 2342 1334 2409 Germanorum
1367 2345 1511 2410 moribus

367 2458 482 2523 ritibus
515 2459 671 2522 institutis
702 2478 766 2521 nou
795 2455 900 2520 solum
922 2457 1105 2520 accuratius
1129 2455 1390 2539 explicatiusque
1414 2475 1511 2540 quum

368 2571 554 2653 superiores
580 2576 733 2633 auctores
762 2571 832 2654 ugit
858 2567 997 2646 Tacitus,
1037 2567 1096 2633 sed
1128 2570 1226 2632 etium
1250 2568 1402 2652 pleraque
1432 2587 1513 2631 uuus

367 2681 536 2743 memoriae
559 2677 671 2760 trodit5
695 2683 814 2744 etenim
834 2679 924 2744 solus
946 2679 1002 2744 ille
1024 2680 1127 2746 refert
1150 2677 1192 2744 de
1213 2675 1342 2743 uumcro
1363 2698 1427 2743 uon
1449 2680 1512 2744 dic·

367 2812 437 2854 rum
456 2792 660 2856 trenortium
677 2797 850 2876 coruputoto
865 2790 907 2876 (c.
920 2790 995 2873 11.)‚
1020 2789 1062 2854 de
1072 2790 1195 2854 iudiciis
1201 2791 1371 2874 poenisque
1387 2791 1428 2872 (c.
1438 2790 1511 2872 m),

368 2902 410 2969 de
429 2905 625 2968 matrimonio
641 2923 678 2968 oo
692 2904 760 2968 dote
783 2898 922 2988 (eiu),
946 2900 987 2967 de
1005 2901 1171 2966 hereditate
1195 2903 1235 2986 (e.
1249 2902 1325 2986 20.),
1345 2901 1388 2967 de
1400 2903 1512 2967 tulioue

258 3081 261 3084 .
369 3015 411 3098 (e.
434 3015 518 3098 ih),
546 3012 588 3078 de
612 3015 755 3078 ebrictate
779 3015 819 3095 (c.
843 3014 925 3095 ts),
958 3012 1000 3077 de
1023 3013 1093 3076 oleo
1116 3012 1158 3096 (c.
1180 3011 1262 3095 ut),
1277 3011 1328 3077 *de
1351 3013 1512 3079 saltatura

368 3130 448 3192 inter
468 3127 588 3208 plodior
610 3146 648 3189 oc
662 3128 805 3208 frameas
827 3145 848 3188 o
869 3125 1029 3189 tuouubro
1049 3126 1167 3189 institui
1180 3125 1279 3188 solito
1300 3124 1340 3208 (e.
1358 3126 1441 3210 rt),
1470 3124 1512 3188 de

368 3257 526 3304 seruorum
548 3239 725 3302 eortdioiooe
748 3237 789 3321 (o.
812 3235 895 3322 ut),
920 3236 963 3301 de
978 3237 1144 3318 funeribus
1167 3237 1208 3318 (c.
1232 3236 1306 3318 it).

454 3374 524 3441 Iam
547 3395 632 3459 quae
655 3373 692 3438 de
714 3375 847 3456 singuiis
862 3372 1089 3438 Germanorum
1109 3374 1247 3455 pentibus
1268 3395 1289 3438 a
1310 3373 1426 3440 Tacito
1449 3394 1513 3438 ex-

369 3486 538 3565 hibentur,
569 3488 801 3550 examinemus.
845 3485 897 3550 Ac
926 3487 1065 3569 primum
1088 3483 1221 3568 quidem
1249 3485 1347 3550 aliam
1370 3483 1513 3550 Germa·

369 3619 484 3664 norum
507 3596 699 3661 divisionem
730 3597 925 3662 offendimus
956 3597 1045 3682 apud
1068 3597 1204 3660 Plinium
1232 3596 1297 3681 (N.'
1313 3595 1356 3660 IL
1379 3595 1438 3676 IV,
1462 3597 1512 3660 99.

373 3711 476 3793 100.);
499 3712 643 3792 quinque
667 3711 750 3790 enim
774 3729 896 3795 genera
918 3709 961 3772 ab
983 3729 1023 3772 eo
1046 3712 1296 3773 enumerantur:
1321 3709 1352 3791 1)
1379 3707 1511 3786 Vandili,

370 3925 492 3936 α--ιι-οι-

458 4070 503 4139 ¹‘⁰)
522 4069 650 4126 Kritmo
672 4085 755 4122 unum
772 4071 915 4138 Bumberg.
935 4071 1056 4122 codicem
1076 4074 1188 4122 secutus
1206 4073 1233 4123 in
1251 4075 1330 4121 textu
1348 4073 1441 4136 posuit
1460 4071 1511 4126 „ab

371 4168 506 4218 universis
524 4168 619 4217 uersu.
650 4165 726 4216 idem
744 4166 875 4230 probatur
897 4162 1017 4218 Woitzio
1034 4166 1052 4217 1.
1071 4167 1089 4216 l,
1107 4181 1133 4230 p.
1155 4167 1204 4216 104
1223 4179 1276 4229 sq.;
1296 4166 1346 4217 132
1364 4180 1421 4231 sqq.
1451 4162 1512 4218 Itu

372 4265 446 4314 unta
462 4265 489 4312 in
507 4263 672 4312 novissimae
689 4275 755 4311 suae
773 4259 900 4311 editionis
924 4265 1030 4312 textum
1048 4262 1153 4325 receplt
1170 4259 1442 4326 ,finvreesz-unou
1465 4262 1512 4310 iu-

372 4355 485 4406 clusum.
521 4353 622 4406 Veram
639 4355 785 4406 lectionem
802 4357 848 4410 „in
865 4357 957 4405 vreesu
976 4358 1087 4404 tuentur
1103 4352 1279 4418 (inlaturus,
1296 4354 1436 4420 Zeussius,
1453 4353 1511 4420 Sy-

372 4449 469 4514 belius,
488 4446 616 4516 Orelltus,
633 4449 767 4514 Halmius,
785 4448 840 4498 alii.
