3530 5374
369 449 498 511 10-

367 641 397 703 p.
411 618 497 702 (ihr,
520 629 557 687 nt
577 619 881 706 ipseNipperdeius
904 624 1064 706 opinatur,
1086 631 1182 686 natus
1206 631 1257 688 est
1272 620 1417 704 Tacitus,
1439 646 1503 687 non

334 759 335 762 ¹
367 733 495 798 invenio
525 753 583 796 eur
610 735 727 796 iuuenis
753 736 870 819 viginti
903 742 1029 819 septem
1062 755 1219 810 annorum
1251 734 1333 799 illud
1363 744 1501 820 tempus,

367 863 433 926 qno
461 851 586 907 tantum
615 845 729 928 viginti
751 865 853 908 annos
885 853 981 910 natus
1012 854 1098 924 erat,
1132 844 1324 910 reeordatus
1351 849 1502 910 iuvenem
1594 831 1597 836 Δ

367 955 531 1018 admodum
552 935 589 1019 se
610 975 729 1021 vocare
751 977 816 1020 non
837 960 989 1040 potuerit.
1019 957 1086 1024 sed
1110 977 1217 1041 neque
1232 957 1374 1042 Haasius
1395 977 1503 1040 neque

367 1065 586 1151 Nipperdeius
610 1069 855 1152 explicuerunt,
886 1091 951 1153 qua
973 1073 1097 1134 ratione
1120 1091 1203 1134 unns
1225 1071 1365 1154 scriptor
1387 1069 1502 1134 eodem

367 1181 439 1244 fere
460 1189 607 1265 tempore
630 1179 713 1246 dnos
737 1181 836 1246 libros
867 1182 1139 1269 dicendigenere
1162 1183 1246 1248 adeo
1272 1186 1356 1246 inter
1385 1203 1423 1247 se
1451 1179 1503 1244 di-

366 1309 503 1372 versos·
516 1300 552 1354 ut
574 1301 663 1356 certe
686 1302 762 1358 sunt
781 1293 929 1379 dialogus
950 1303 984 1360 et
995 1295 1159 1376 Agricola,
1183 1296 1410 1379 composuerit.
1432 1292 1504 1358 Nec

366 1409 474 1465 tamen
492 1402 579 1466 'haec
601 1401 797 1486 difficultas,
821 1407 952 1489 opinor,
976 1414 1042 1468 tam
1065 1405 1168 1468 ardua
1190 1413 1254 1486 est,
1279 1411 1315 1467 ut
1337 1404 1421 1468 solvi
1442 1424 1504 1467 ne·

367 1521 482 1596 queat,
515 1514 612 1578 modo
641 1515 721 1578 haec
753 1517 869 1581 verba:
906 1519 1110 1600 „memoriam
1140 1537 1272 1600 quoque
1305 1518 1409 1601 ipsam
1431 1535 1504 1580 cum

366 1644 448 1688 voce
470 1624 740 1709 perdidissemus,
767 1630 799 1690 si
826 1635 892 1691 tarn
915 1630 947 1690 in
970 1637 1082 1692 nostra
1108 1635 1274 1712 potestate
1304 1635 1391 1692 esset
1419 1626 1505 1691 obli·
1607 1715 1611 1722 ,

366 1737 449 1810 visci
472 1757 568 1820 quem
590 1741 720 1803 tacere“
745 1739 839 1826 (Agr.
852 1740 896 1822 2.)
920 1747 952 1804 et
967 1741 1064 1804 haec:
1089 1741 1205 1823 „pauci
1223 1748 1265 1818 et,
1289 1741 1336 1802 uti
1355 1737 1504 1818 dixerim,

368 1868 433 1911 non
455 1847 608 1929 aliorum,
640 1849 699 1914 sed
724 1853 819 1914 etiam
842 1833 946 1913 nostri
968 1853 1161 1934 superstites
1184 1870 1311 1931 sumus,
1343 1851 1505 1933 exemptis

369 1979 387 2022 s
410 1960 517 2024 media
539 1964 607 2024 vita
628 1969 678 2025 tot
699 1963 802 2044 annis,
826 1962 943 2045 quibus
961 1964 1096 2026 iuvenes
1117 1960 1158 2025 ad
1175 1969 1385 2042 senectutem,
1408 1981 1504 2026 senes
1536 1946 1539 1951 ¹

368 2093 471 2156 prope
494 2073 536 2136 ad
558 2075 648 2157 ipsos
671 2081 809 2138 exactae
832 2078 949 2138 aetatis
971 2077 1127 2138 terminos
1148 2072 1388 2158 persilentium
1410 2075 1505 2137 veni-

367 2185 459 2248 mus“
484 2184 606 2268 (ib.·3.)
636 2195 725 2250 recte
751 2186 964 2261 intellexeris.
1008 2186 1093 2250 Nam
1121 2185 1271 2250 Ritterus
1299 2193 1333 2252 et
1359 2185 1505 2270 Nipper-

368 2295 461 2360 deius
484 2297 645 2362 silentium
667 2297 749 2361 illud
771 2297 813 2360 ad
836 2297 936 2362 libros
959 2296 1150 2362 scribendos
1172 2298 1336 2376 reserunt3
1360 2291 1516 2375 undafit,

368 2417 405 2470 ut
425 2407 481 2472 ille
503 2407 667 2493 dialogum
690 2411 753 2472 iam
784 2417 859 2476 ants
882 2408 1060 2472 Domitiani
1080 2409 1268 2492 imperium,
1298 2407 1352 2470 hic
1374 2407 1503 2472 demum

368 2528 444 2604 post
467 2522 536 2584 eius
559 2529 695 2586 mortem
719 2519 841 2584 editum
865 2527 1104 2605 esse-censeat.
1133 2519 1180 2583 At
1201 2539 1312 2584 varam
1330 2519 1392 2582 nisi
1407 2517 1505 2582 fallor

367 2629 495 2694 illorum
507 2631 680 2695 verborum
692 2633 993 2715 interpretationem
1006 2631 1152 2714 repperit
1161 2627 1304 2692 Haasius
1317 2628 1350 2712 (l.
1358 2629 1378 2692 l.
1387 2650 1418 2713 p.
1427 2627 1504 2692 XV.
1538 2621 1540 2626 ’

368 2750 475 2806 annot
499 2742 580 2826 tat:
613 2743 750 2826 ,neque
769 2740 978 2806 concedimus
1000 2741 1162 2806 silentium
1185 2739 1283 2821 illud,
1315 2740 1404 2823 quod
1425 2739 1504 2823 Agr.

368 2873 396 2916 e.
414 2851 443 2917 3.
477 2853 611 2917 Tacitus
632 2861 873 2935 commemorat,
896 2853 939 2917 ad
961 2853 1140 2917 litterarum
1163 2850 1272 2915 studia
1293 2859 1327 2916 et
1348 2850 1505 2916 librorum

370 2965 544 3028 aditionem
572 2967 753 3050 pertinere3
785 2964 864 3028 nihil
895 2967 980 3029 enim
1008 2963 1096 3027 aliud
1123 2965 1156 3026 in
1184 2969 1293 3030 manta
1323 2961 1423 3026 habet
1443 2963 1505 3026 nisi

369 3071 559 3163 oppressam
588 3084 721 3144 senatus
748 3076 961 3141 libertatemr
1007 3074 1151 3141 Proinde
1183 3075 1262 3138 nihil
1293 3077 1357 3138 iarn
1385 3075 1505 3154 obstat,

370 3211 435 3273 quo
447 3193 552 3254 minus
564 3191 719 3272 dialogum
736 3193 844 3272 priore
866 3191 988 3272 imperii
999 3187 1268 3270 Domitianipurte
1285 3189 1430 3268 scripturn
1442 3205 1505 3249 csse

371 3305 610 3384 existimemus3
644 3303 804 3386 nobisque
826 3323 1018 3387 persuasum
1044 3308 1094 3365 est
1114 3297 1289 3379 Haasium,
1320 3297 1409 3381 quod
1431 3318 1505 3362 sero

369 3412 519 3478 Tacitum
550 3423 661 3478 natum
692 3434 765 3480 esse
787 3421 958 3499 posuerat,
993 3432 1031 3477 eo
1060 3411 1164 3476 irrisae
1186 3393 1362 3477 adductum
1383 3416 1421 3473 nt
1443 3429 1506 3474 ex-

367 3528 479 3592 tremis
500 3526 678 3590 Domitiani
700 3528 793 3592 anuis
817 3525 982 3612 dialogum
1003 3531 1135 3609 putaret
1157 3525 1379 3607 compositum.
1407 3519 1505 3601 Quod

368 3641 396 3701 si
417 3640 498 3701 satis
520 3639 614 3700 firma
636 3646 686 3702 est
708 3645 820 3702 nostra
841 3638 995 3721 suspicio,
1018 3644 1052 3700 et
1073 3632 1267 3720 Nipperdeii
1289 3633 1449 3698 dubitatio
1464 3632 1507 3698 de

367 3751 470 3814 iuueni
491 3751 655 3814 admodum
686 3773 746 3835 per
779 3773 816 3817 se
847 3751 988 3817 concidit
1012 3757 1045 3814 et
1073 3754 1214 3835 spatium
1244 3750 1401 3831 temporis
1423 3749 1507 3812 inter

368 3860 490 3946 dialogi
511 3871 545 3927 et
567 3862 744 3948 Agricolae
767 3862 942 3928 editionem
972 3865 1051 3927 satis
1080 3863 1211 3946 longum
1232 3861 1412 3938 lucramur,
1441 3879 1506 3941 quo

368 3977 527 4039 sermonis
550 3972 753 4040 differentiae
775 3973 922 4058 intellegi
943 3975 1080 4058 possint,
1104 3980 1137 4038 et
1154 3972 1291 4037 audacia
1306 3971 1363 4035 illa
1375 3969 1506 4058 dialogi,

369 4107 453 4170 quae
492 4089 553 4153 sub
592 4089 689 4152 linem
727 4089 853 4172 imperii
888 4087 1075 4150 Domitiano
1115 4086 1213 4148 nimia
1254 4084 1396 4148 fortasse
1436 4084 1508 4148 visa

370 4208 469 4281 esset,
492 4201 672 4266 offensione
695 4207 793 4264 caret.

455 4313 585 4392 Quanta
603 4313 846 4376 existimatione
864 4309 1039 4374 oratoriam
1051 4307 1157 4374 Taciti
1176 4309 1331 4372 virtutem
1350 4305 1506 4388 aequales

368 4423 638 4507 preasentiunt,
661 4443 726 4485 uon
748 4441 855 4505 pauca
878 4425 1010 4484 exstant
1033 4417 1236 4482 documenta
1272 4415 1400 4480 Plinius
1422 4417 1507 4481 euim
