3530 5374
384 513 425 580 52

469 691 654 774 Propterea
681 689 782 774 igitur
810 689 899 772 quod
927 692 961 752 in
991 689 1198 755 historiarum
1220 689 1312 756 libris
1334 712 1388 756 res
1411 699 1526 756 contra

384 801 567 867 Germanos
590 811 701 890 gestas
723 812 865 868 tractare
887 803 1047 885 debebat,
1071 803 1205 867 Tacitus
1226 811 1264 868 ut
1285 804 1318 866 iu
1335 802 1525 901 §ermano-

382 936 454 977 rum
476 919 614 1000 patriam
636 937 810 999 moresque
832 918 1026 999 inquireret,
1049 916 1104 980 vel
1125 919 1267 980 maxime
1290 914 1524 980 adducebatur.

383 1025 452 1094 Sed
472 1047 556 1111 quae
573 1031 705 1104 vomnis
729 1027 815 1091 illius
837 1027 958 1093 laboris
978 1048 1099 1091 causae
1118 1027 1227 1092 afferri
1248 1027 1370 1107 solent,
1394 1031 1433 1093 iis
1452 1029 1526 1093 ior-

381 1147 472 1204 tasse
495 1140 690 1221 factumest,
713 1149 749 1206 ut
771 1142 938 1206 materiam
961 1143 1045 1204 inter
1067 1144 1139 1225 ipsa
1157 1141 1266 1204 studia
1283 1148 1524 1205 accrescentem

383 1253 416 1314 in
433 1251 507 1315 libri
523 1252 661 1316 formam
677 1251 845 1337 redigeret
862 1272 1001 1336 eumque
1019 1251 1121 1316 multo
1138 1262 1215 1317 ante
1233 1253 1387 1316 historias
1403 1250 1525 1315 ederet.

383 1361 480 1426 Hune
492 1371 601 1427 autem
614 1363 729 1428 librum
743 1363 799 1427 illo
812 1363 1017 1428 historiarum
1031 1364 1104 1428 loco
1117 1385 1183 1428 non
1195 1364 1425 1446 totum,qualis
1441 1383 1526 1426 nunc

383 1481 510 1556 exstat,
533 1477 690 1538 insertum
712 1474 815 1538 fuisse
836 1495 896 1558 per
918 1495 954 1538 se
978 1473 1198 1560 intellegitur,
1222 1477 1340 1539 etenim
1363 1477 1524 1538 maximus

383 1587 452 1652 eius
474 1585 562 1650 modi
580 1607 755 1668 excursuS,
779 1605 845 1668 quo
868 1585 910 1649 de
932 1584 1063 1650 Iudaeis
1080 1588 1198 1670 agitur,
1222 1607 1286 1648 non
1308 1586 1383 1669 plus
1406 1605 1523 1648 novem

381 1698 489 1782 capita
512 1695 746 1780 complectitur.
788 1697 881 1774 Quae
904 1699 1004 1782 igitur
1026 1719 1085 1760 sex
1111 1706 1144 1762 et
1167 1696 1384 1784 quadraginta
1405 1697 1525 1780 capiti-

379 1808 442 1874 bus
471 1807 514 1872 de
537 1795 713 1874 Germania
741 1815 949 1887 narraverat,
984 1810 1016 1870 in
1032 1809 1146 1873 breve
1177 1817 1292 1872 coacta
1314 1807 1463 1872 Tacitum
1492 1810 1524 1870 in

381 1917 587 1984 historiarum
611 1919 703 1984 libris
726 1921 898 2003 repetiisse
921 1919 1092 2003 probabile
1115 1920 1209 1984 nobis
1232 1940 1306 1984 esse
1318 1918 1449 1984 videtur
1462 1917 1523 2002 ¹²⁴).

467 2055 636 2138 Quidquid
667 2055 750 2120 libro
782 2055 824 2120 de
851 2055 1028 2121 Germania
1061 2059 1182 2140 scripto
1216 2058 1417 2137 continetur,
1452 2076 1523 2122 cum

381 2187 446 2230 non
473 2166 517 2230 ad
546 2170 734 2231 memoriam
764 2187 872 2231 rerum
895 2166 1003 2233 Taciti
1024 2175 1133 2232 aetate
1155 2175 1321 2252 gestarum
1350 2170 1523 2252 pertineat,

380 2283 413 2343 in
436 2301 633 2344 excursuum
655 2301 789 2344 numero
812 2277 997 2344 habendum
1021 2287 1080 2342 est.
1107 2279 1207 2358 Quod
1229 2281 1257 2343 si
1279 2278 1321 2344 ad
1344 2279 1523 2345 doctrinam

381 2390 488 2456 Taciti
510 2412 554 2454 ex
578 2388 754 2454 Germania
784 2389 988 2454 indicandam
1019 2389 1220 2472 accedimus,
1254 2389 1522 2474 disceptationem

380 2509 525 2567 nostram
543 2505 588 2565 ita
601 2523 810 2566 coerceamus
824 2509 964 2586 oportet,
983 2511 1019 2565 ut
1029 2501 1221 2566 Ptolemaeo
1236 2501 1373 2566 excluso
1389 2523 1429 2565 ea
1448 2510 1523 2564 tan-

312 2682 314 2686 ,
379 2620 458 2692 turn,
476 2634 560 2696 quae
569 2622 644 2676 ante
653 2612 803 2677 Tacitum
816 2622 947 2678 veteres
961 2623 1112 2680 auctores
1124 2612 1165 2678 de
1173 2610 1349 2677 Germania
1360 2615 1522 2686 noverint,

380 2721 596 2786 conferamus
632 2723 854 2788 Difficultatcs
877 2733 984 2788 autem
1007 2727 1038 2788 in
1062 2727 1142 2809 ipsis
1165 2725 1264 2788 rebus
1286 2727 1416 2804 insitas,
1439 2744 1521 2805 quas

384 2923 739 2930 ———--....—.--.-
801 2926 831 2928 ...
875 2922 908 2930 ma.
952 2925 955 2929 .
995 2927 998 2930 .
1036 2927 1039 2929 .
1091 2927 1097 2930 Δ
1125 2927 1178 2930 Μή-
1227 2927 1235 2930 -
1320 2925 1519 2932 ......--..*

377 3059 448 3109 Hist.
473 3059 501 3125 1,
526 3062 550 3110 2.
577 3061 620 3111 his
643 3062 734 3113 verbis
759 3059 925 3110 indicantur:
958 3066 1085 3117 „coortae
1109 3059 1292 3112 Sarmatarum
1317 3076 1350 3109 sc
1374 3057 1521 3111 Sueborum

378 3158 499 3219 gentem.
535 3155 596 3205 Hoc
614 3157 697 3220 igitur
714 3156 775 3204 loco
795 3155 906 3204 Tacitus
925 3155 959 3206 de
978 3155 1123 3206 Germania
1142 3155 1304 3205 disseruisse
1323 3152 1519 3204 existimandus
1535 3141 1540 3152 ’

377 3253 426 3298 cet.
462 3247 503 3299 Cf.
522 3247 578 3299 Eos
595 3247 631 3300 11.
662 3249 760 3312 pilii
784 3263 841 3312 sqq.
877 3246 978 3299 Contra
997 3245 1141 3311 Teuffeliuc
1163 3261 1250 3312 nuper
1275 3246 1429 3311 (nAbhdlg.
1452 3246 1520 3296 tiber

377 3340 524 3394 Sallustius
542 3344 599 3394 und
617 3344 746 3394 Tacitusu
764 3358 790 3407 p.
810 3343 865 3408 32.)
884 3343 953 3394 haee
971 3345 1089 3392 monuit:
1115 3341 1185 3404 ,Fir
1211 3341 1255 3390 die
1273 3341 1334 3391 Zeit
1351 3339 1457 3390 welche
1474 3339 1518 3391 die

376 3436 514 3488 Historiae
532 3438 686 3488 behandeln
703 3453 763 3488 war
781 3438 829 3488 der
837 3436 1013 3502 Gegenstand
1032 3434 1234 3486 derGermania
1251 3450 1305 3484 von
1323 3435 1417 3486 lreiuer
1433 3434 1519 3486 iiber·

375 3529 717 3596 wiegendenBedeutung‚
736 3531 821 3582 daher
839 3533 897 3581 sich
915 3525 994 3582 illese
1011 3530 1172 3606 schwerlich
1192 3567 1198 3578 .
1218 3567 1224 3578 .
1244 3567 1250 3578 .
1269 3529 1519 3580 alsVorarbeitiiir

372 3621 437 3686 jcne
460 3624 528 3674 wird
553 3624 716 3674 bezeichnen
741 3627 857 3676 iassen.u
900 3623 954 3676 Sed
979 3625 1050 3676 hanc
1074 3639 1151 3674 suam
1175 3627 1337 3676 sententiam
1361 3639 1422 3674 cum
1444 3622 1519 3673 nulla

375 3717 480 3767 ratione
500 3716 709 3780 confirmaverit,
729 3721 810 3770 etiam
828 3733 904 3768 nnnc
922 3734 939 3768 a
956 3719 1048 3770 Riesio
1067 3723 1178 3770 stamus.

461 3833 508 3902 ¹¹⁴)
527 3831 652 3887 creto.
670 3835 687 3885 l.
705 3835 721 3885 1.
741 3835 882 3900 p.201sq.
901 3836 1043 3900 Inprimis
1061 3852 1087 3901 p.
1101 3838 1159 3888 202.
1178 3837 1285 3902 singrda
1302 3834 1437 3900 quaedam
1454 3835 1517 3884 ani-

373 3927 571 3994 madvertenda
589 3932 661 3993 sunt,
679 3929 794 3993 quibus,
811 3934 844 3980 ut
862 3930 930 3980 bene
948 3931 994 3980 ille
1012 3933 1130 3994 monuit,
1148 3929 1320 3984 Germaniam
1337 3928 1373 3979 ad
1391 3929 1517 3980 historias

373 4022 543 4074 referendam
563 4037 623 4074 esse
641 4023 780 4088 probatur.
815 4023 911 4088 Neque
934 4039 1000 4075 vero
1024 4024 1051 4075 id
1076 4027 1255 4089 assentimur,
1282 4023 1425 4075 exordium
1443 4020 1517 4074 Ger·

372 4121 478 4170 maniae
497 4119 752 4183 conclusIonemque
772 4121 890 4168 oratoria
908 4121 966 4168 arte
985 4118 1155 4184 splendidam
1174 4118 1252 4168 nobis
1269 4119 1392 4182 periisse.
1417 4116 1516 4168 Primis

373 4214 442 4262 enirn
453 4211 614 4264 Germaniae
633 4214 725 4264 verbis
743 4215 871 4264 continuo
890 4213 995 4265 exordii
1013 4213 1267 4264 commentariorum
1278 4212 1312 4264 de
1326 4211 1515 4264 belloGallieo

373 4305 516 4358 accesere
535 4311 696 4373 scriptorum
714 4311 845 4359 memoria
864 4310 999 4359 excitatur
1015 4313 1096 4371 atque
1109 4311 1238 4358 extremis
1250 4307 1293 4357 his
1302 4308 1405 4358 verbis:
1425 4307 1514 4372 „quod

373 4414 423 4462 ego
448 4407 479 4450 ut
502 4405 699 4467 incompertum
724 4406 751 4451 in
775 4403 865 4454 medio
890 4404 1062 4466 relinquam
1087 4401 1196 4452 libellus
1224 4403 1275 4451 etsi
1301 4415 1355 4451 non
1378 4403 1513 4452 rhetorice

371 4499 462 4546 tamen
481 4510 515 4546 ex
535 4500 642 4560 ipsura
660 4498 840 4570 concluditur.
