3446 5380
1275 529 1317 600 83

170 709 287 778 ultimo
317 707 407 795 quod
435 729 508 774 eum
536 705 667 774 Sabinis
697 710 838 794 gesserit
867 708 956 774 bello
978 729 1018 774 ac
1039 729 1173 795 magnas
1200 711 1243 775 ob
1265 713 1318 775 in-

170 822 407 908 aequalitatem
429 821 495 886 loci
516 821 777 886 substructiones
800 823 965 903 erexisse,
988 841 1213 905 aequavero,
1244 843 1318 887 eum

171 935 388 1020 quadriennio
423 942 501 1019 post
533 931 655 998 bellum
685 931 766 996 illud
804 933 989 997 confectum
1023 936 1091 998 vita
1126 933 1318 1017 decesserit,

170 1051 282 1133 ipsum
303 1046 518 1111 fundamenta
539 1048 646 1112 iacere
669 1048 819 1132 potuisse
836 1041 905 1126 ¹⁸’);
926 1045 1037 1112 multis
1054 1049 1146 1111 annis
1162 1049 1318 1113 interiec-

170 1161 218 1224 tis
248 1157 458 1243 Tarquinium
486 1155 689 1242 Superbum,
726 1177 823 1242 quem
853 1179 919 1223 non
947 1158 1049 1223 lilium
1079 1158 1138 1224 sed
1165 1169 1319 1245 nepotem

171 1273 281 1337 Prisci
303 1291 388 1336 unus
410 1271 590 1355 Dionysius
612 1271 693 1334 lacit
709 1267 770 1352 ¹⁹⁰),
793 1268 917 1337 Suessa
934 1271 1084 1337 Pometia
1106 1278 1203 1357 capta
1224 1272 1319 1338 dsci-

171 1403 260 1450 mam
271 1383 416 1469 praedae
428 1392 555 1468 partem
567 1385 601 1446 in
612 1379 817 1447 aedificanda
831 1383 889 1448 illa
899 1383 984 1449 aeds
996 1389 1238 1470 consumpsisse
1255 1382 1317 1468 ¹⁹¹).

261 1493 403 1560 Prorsrm
432 1494 605 1581 singularis
640 1502 691 1559 est
723 1493 777 1558 hie
806 1495 902 1558 Plinii
931 1495 1040 1560 loeus:
1078 1496 1231 1578 „Auctor
1266 1505 1318 1562 est

173 1607 286 1672 Antioc
298 1605 453 1693 oppidum
464 1605 655 1672 Latinorum
664 1605 803 1691 Apiolas
815 1614 945 1691 captum
955 1627 975 1670 a
985 1607 1023 1671 L.
1032 1606 1212 1692 Tarquinio
1227 1629 1317 1696 rege,

174 1741 220 1786 ex
243 1722 335 1786 cuius
356 1717 481 1804 pracda
492 1716 689 1803 Capitolium
711 1720 740 1782 is
762 1717 983 1784 inchoaverit“
1003 1718 1063 1804 ¹⁹²).
1085 1719 1138 1786 Ne
1160 1723 1317 1788 sciremus

174 1833 308 1919 quidem
331 1839 405 1896 uter
427 1829 624 1915 Tarquinius
647 1833 690 1895 sit
711 1829 967 1918 intellegendus,
994 1834 1056 1897 nisi
1079 1853 1123 1898 ex
1145 1833 1210 1898 alio
1232 1834 1317 1916 loco,

174 1948 233 2030 qui
260 1965 326 2008 non
356 1946 512 2007 minorem
544 1941 780 2008 dubitationem
815 1945 1026 2008 excitaverit:
1057 1943 1215 2026 „Volcam
1237 1945 1318 2012 Veis

174 2059 315 2122 accitum
338 2057 391 2119 cui
412 2054 538 2119 locaret
554 2053 751 2137 Tarquinius
769 2054 903 2120 Priscus
925 2053 1015 2120 Iovis
1038 2056 1182 2142 effigiem
1203 2059 1237 2120 in
1249 2054 1318 2121 Ca-

86 2161 94 2182 ⁸
174 2167 291 2254 pitolio
314 2166 505 2232 dicandam“
525 2163 575 2247 ¹⁹³)
597 2173 697 2249 atque
720 2186 763 2230 ex
786 2165 838 2230 bis
862 2163 1023 2229 Strabonis
1043 2166 1168 2232 verbis:
1197 2161 1318 2252 ,πόλιν

173 2268 339 2355 Ἀπιόλα,
366 2265 405 2364 ἢν
432 2274 620 2359 κατέσκαψε
645 2267 821 2363 Ταρκύνιος
843 2271 1007 2363 aptasset
1026 2274 1079 2360 ¹⁹⁴)
1109 2275 1319 2344 disceremus.

263 2390 332 2458 Sed
349 2389 500 2458 Servium
511 2387 654 2452 Tullium
667 2385 823 2473 Capitolii
837 2380 1098 2455 aedificationem
1113 2392 1320 2480 continuasse

176 2525 260 2569 unus
282 2501 418 2567 Tacitus
441 2509 556 2566 auctor
578 2508 637 2565 est.

262 2614 315 2679 Ac
335 2615 398 2678 viri
420 2612 600 2677 doctissimi
621 2611 714 2676 velut
736 2611 892 2676 Beckerur
909 2610 961 2696 ¹⁹⁵)
986 2621 1020 2678 et
1043 2610 1252 2695 Scbtccpleraa
1268 2612 1320 2696 m)

177 2749 242 2791 non
271 2725 504 2790 dubitaverunt
526 2722 643 2787 Tacito
675 2723 877 2808 exprobrare
900 2725 990 2808 quod
1017 2712 1216 2811 Capitolium
1247 2747 1320 2790 cum

176 2837 304 2902 Dianae
326 2837 450 2922 templo
472 2858 493 2900 a
515 2835 631 2901 Servio
651 2833 761 2899 Tullio
784 2838 817 2898 in
828 2834 995 2901 Aventino
1016 2847 1127 2903 monte
1149 2847 1319 2904 exstructo

179 2946 371 3014 confuderit
415 2946 462 3014 At
482 2946 559 3011 vide
580 2967 622 3010 ne
643 2949 754 3030 inique
774 2946 822 3010 illi
843 2943 1067 3032 iudicaverint.
1112 2947 1244 3015 Etenim
1265 2959 1321 3016 te-

177 3081 313 3126 rreamus
335 3057 503 3124 Romanos
526 3080 634 3124 rerum
657 3059 835 3144 scriptores
858 3079 971 3124 omnes
993 3061 1026 3123 in
1048 3059 1320 3127 hocconsentire

178 3171 268 3256 quod
301 3170 498 3256 Capitolium
534 3179 701 3254 tamquam
732 3174 853 3257 pignus
874 3172 1002 3255 imperii
1033 3170 1148 3256 populi
1180 3171 1320 3237 Romani

182 3281 345 3348 conditum
369 3301 444 3348 esse
466 3284 735 3347 existimaverint.
764 3279 805 3346 Id
825 3281 1016 3365 Dionysius,
1037 3282 1164 3364 Livius,
1185 3281 1320 3348 Tacitus

183 3468 595 3478 -.....,-..--.---...--.-.--
599 3465 1318 3475 ω’...-

261 3555 298 3600 ’““
329 3569 370 3620 111
396 3570 439 3620 69.

264 3569 311 3728 ”⁶3
324 3606 436 3716 na’uac
452 3677 483 3716 re
501 3663 565 3716 vide
579 3659 760 3716 Ntrtatriaa
778 3661 939 3728 „Rdmbcha
951 3659 1132 3714 Gescblchte“
1150 3661 1173 3728 1,
1190 3662 1242 3714 412
1261 3675 1318 3726 sqq.

178 3758 220 3811 sd.
238 3757 291 3820 1113
309 3753 503 3824 &meylem
521 3756 683 3810 anmlsche
704 3755 886 3808 Gescblcbte“
905 3756 927 3821 1,
944 3758 978 3807 48
996 3769 1054 3820 sqq.

265 3839 313 3917 ¹⁹¹)'
328 3849 446 3918 Diuus.
463 3852 513 3915 ru,
531 3851 572 3902 sc.

264 3946 297 3978 “¹
327 3945 360 3998 u.
379 3946 413 3998 H.
430 3946 480 4011 111,
499 3948 540 3998 ro.
576 3941 1007 4009 or.Nacatr.1.1.1,rorsq.

264 4135 273 4166 1

265 3945 310 4106 ¹⁹¹}
327 4041 497 4108 mxxxv,
514 4041 570 4092 lbi.
588 4041 677 4092 Huius
692 4043 733 4090 rel
745 4044 843 4092 testem
849 4040 1000 4092 Varronem
1008 4039 1104 4090 laudat
1110 4037 1216 4090 Plinius
1227 4037 1251 4108 S.
1260 4039 1318 4090 16⁶.

287 4137 309 4201 ⁴)

275 4136 286 4166 ’
326 4135 363 4202 V,
380 4137 407 4201 ὅ,
424 4138 450 4186 4.
468 4151 493 4202 p.
512 4136 571 4187 231.
595 4133 651 4188 Sed
668 4134 841 4199 Volscorum,
858 4149 913 4186 aon
930 4133 1098 4200 Leucorum,
1116 4134 1246 4198 oppidum
1263 4147 1318 4199 ap-

177 4231 264 4297 pellat
281 4227 389 4284 Strabo.
1135 4227 1145 4242 ³

263 4323 310 4390 ¹⁹¹)
329 4325 452 4383 ,Hdbcb
472 4324 521 4376 dar
538 4329 605 4376 edm.
622 4320 824 4374 attaminat
841 4321 865 4385 1,
882 4321 942 4374 305.
961 4325 1052 4374 annot
1073 4323 1130 4374 tut.

264 4419 309 4485 1“)
327 4418 358 4468 L
376 4420 394 4468 l.
412 4418 436 4484 1,
454 4419 518 4481 ‘1983
537 4418 572 4468 cl.
590 4417 613 4483 1,
632 4416 690 4468 11⁶.
720 4414 778 4466 Iam
796 4419 878 4466 antea
895 4413 967 4466 idem
986 4416 1091 4477 opinati
1108 4419 1185 4466 erant
1203 4411 1318 4470 Hiatus

180 4512 244 4570 „der
262 4513 376 4577 Tempel
395 4513 443 4565 des
462 4511 633 4577 eaplt.Jup.“
651 4526 677 4576 p.
689 4511 730 4561 22.
750 4505 917 4564 attactam
936 4505 1037 4564 „Romu
1055 4507 1079 4574 1,
1098 4508 1157 4560 27&
1174 4512 1317 4560 annotttt.

1104 4604 1142 4652 fi*
