3484 5374
376 477 418 542 96

371 653 478 734 pino
499 651 624 715 monto
646 648 837 712 eomuomu
866 653 894 710 el
916 647 1085 712 dictaturas
1110 647 1237 712 inirent.
1267 646 1322 710 scd
1343 651 1520 730 quassares

376 761 497 843 repibm
520 763 612 824 etiam
634 767 698 824 tuns
718 759 939 842 imperantibus
959 760 1089 823 instituti
1110 764 1197 838 arnt,
1220 759 1303 841 quod
1324 758 1376 821 len
1397 760 1519 822 amoto

377 873 506 936 ostendit
540 871 578 939 ob
606 871 642 936 L.
672 871 772 934 Bruto
799 873 945 954 repetito.
982 871 1153 954 monentque
1184 868 1357 934 carnalibus
1382 874 1521 952 potestas

376 983 537 1066 deliqcndi,
560 985 867 1067 doneceumquaque
890 984 1036 1048 bonorem
1051 981 1186 1066 populus
1207 963 1385 1046 mandaret.
1409 983 1519 1044 meoti-

376 1117 434 1180 que
451 1097 588 1180 panum
604 1095 743 1162 Valerius
758 1096 876 1160 Potitus
899 1101 927 1158 et
940 1093 1092 1160 Acontius
1110 1093 1285 1158 Mamercus
1307 1094 1519 1175 senapemimo

377 1210 465 1272 tertio
488 1230 570 1274 oona
588 1216 660 1293 post
686 1209 870 1292 Tarquinios
893 1213 1035 1288 maome,
1064 1213 1098 1270 ut
1119 1227 1185 1270 rem
1206 1208 1370 1270 militarem
1393 1207 1518 1270 antru-

376 1327 498 1386 rentur.
522 1322 593 1386 dnn
607 1321 802 1403 pliscentibus
818 1321 946 1402 nepotiis
963 1319 1024 1392 duo
1043 1319 1142 1382 additi
1156 1319 1210 1402 qui
1218 1317 1338 1382 Romae
1357 1323 1520 1381 amorem.-

376 1451 449 1496 mcu
472 1432 644 1514 duplicatus
665 1451 829 1512 numerus,
851 1430 1053 1514 stipmdioria
1074 1432 1138 1493 lom
1151 1429 1243 1493 llolio
1265 1435 1294 1492 et
1309 1427 1521 1493 accedentibus

372 1544 605 1628 provinciaram
626 1543 840 1625 centipolibus:
864 1549 937 1625 post
965 1541 1030 1623 lepc
1060 1538 1165 1606 Sullae
1187 1542 1294 1623 oipinti
1325 1541 1421 1606 meoli
1448 1559 1520 1624 acp-

371 1655 487 1739 plendo
517 1656 654 1736 senatui,
687 1655 737 1718 cni
765 1655 882 1720 iudicio
911 1654 1096 1720 maaianai.
1130 1659 1161 1716 el
1190 1671 1377 1737 quamquam
1406 1653 1521 1737 equites

373 1747 493 1832 ¹iudicia
513 1767 785 1850 reciperauissenl,
815 1771 981 1849 quaestura
1001 1772 1112 1828 namen
1141 1786 1180 1830 ca
1202 1765 1349 1846 dipnitote
1371 1765 1520 1830 aalma·

378 1885 478 1944 torum
506 1884 560 1942 out
581 1878 737 1959 facilitate
767 1878 962 1944 allocutum
988 1880 1124 1960 potato
1153 1877 1390 1958 concedebatur,
1424 1879 1521 1942 donec

377 1991 526 2054 sententia
548 1989 728 2054 Dolabellae
750 1990 833 2054 uelut
854 1991 1102 2056 emundaretur“
1117 1988 1182 2074 ²⁴⁰).

464 2101 613 2168 Tacitum
636 2104 735 2187 igitur
757 2102 799 2171 de
823 2103 903 2168 solis
925 2105 1043 2168 aerari
1065 2103 1295 2187 quaestoribus
1313 2105 1520 2188 ‚cogimvisse

379 2237 452 2280 cum
476 2236 520 2280 ex
541 2216 643 2280 tatius
664 2214 730 2280 loci
752 2222 911 2282 contextu
932 2224 1002 2282 tum
1025 2236 1069 2280 ex
1085 2218 1164 2300 ipsis
1183 2215 1293 2284 verbis
1306 2215 1423 2281 elucet.
1445 2214 1521 2280 Hoc

378 2326 494 2393 saltem
517 2335 641 2394 certum
666 2336 717 2394 est
740 2349 812 2394 eum
835 2336 1029 2412 quaestores
1050 2327 1217 2414 parricidii
1242 2351 1308 2394 non
1329 2350 1390 2414 pro
1411 2331 1521 2414 magi-

378 2447 483 2504 stratu
505 2443 638 2525 proprio
660 2448 760 2525 atque
777 2441 1040 2524 aquaestoribus
1062 2443 1180 2505 aerarii
1202 2439 1333 2506 diverso
1355 2440 1521 2505 habuusa

463 2551 576 2636 Atque
593 2573 676 2616 unus
694 2573 802 2616 rerum
820 2554 1222 2638 scriptorumquaesturae
1233 2555 1358 2616 initium
1374 2573 1522 2640 aregum

377 2663 580 2749 temporibus
610 2672 724 2727 auctor
754 2672 867 2729 noster
896 2666 1034 2750 repetit3
1069 2686 1144 2730 nam
1165 2665 1328 2746 Zonaras,
1356 2675 1393 2730 nt
1422 2664 1524 2750 paulo

375 2775 512 2839 inferius
523 2774 723 2858 videbimus,
748 2774 788 2840 de
808 2775 1038 2859 quaestoribus
1056 2785 1132 2842 ante
1150 2776 1286 2841 liberam
1298 2776 1524 2842 Romanorum

374 2907 444 2952 rem
474 2885 638 2972 publicam
669 2891 787 2954 creatis
824 2911 891 2952 non
919 2891 966 2952 ita
994 2888 1102 2953 lucide
1133 2889 1275 2954 disserit
1318 2889 1418 2976 Apud
1441 2891 1523 2952 iuris

356 2990 554 3085 ¹prudentes
577 3006 702 3064 tantum
724 3003 906 3066 invenimus
931 3001 1037 3066 locum
1061 3021 1125 3084 quo
1146 3001 1187 3066 de
1206 3010 1383 3084 quaestura
1405 3022 1522 3086 regum

375 3121 485 3176 aetate
507 3115 656 3176 instituta
677 3114 787 3197 agitur
816 3112 915 3196 idque
943 3114 1048 3177 fusius
1077 3135 1174 3196 quam
1203 3112 1380 3194 aTacit03
1411 3113 1525 3176 lulium

379 3223 596 3287 Gracchanum
624 3223 781 3309 intellego
804 3223 841 3289 C.
864 3223 1005 3288 Gracchi
1030 3224 1202 3308 aequalem
1228 3232 1329 3308 atque
1351 3224 1523 3306 asseclam,

379 3356 474 3418 quem
499 3334 614 3400 laudat
640 3335 790 3420 Ulpianus
803 3335 867 3420 ²⁴¹).
911 3336 963 3400 En
985 3335 1229 3401 memorabilem
1251 3336 1374 3401 locum:

470 3446 592 3533 „Origo
615 3448 845 3531 quaestoribus
868 3447 1017 3513 creandis
1040 3451 1265 3532 antiquissima
1286 3457 1339 3514 est
1362 3458 1395 3515 et
1416 3471 1523 3536 paene

376 3567 453 3624 ante
476 3579 588 3624 omues
617 3562 836 3644 magistratus,
883 3558 1094 3626 Gracchanus
1124 3560 1267 3646 denique
1296 3560 1409 3628 Iunius
1439 3562 1522 3627 libro

377 3672 518 3754 septimo
547 3668 589 3734 de
618 3671 837 3754 potestatibus
870 3673 967 3736 etiam
990 3675 1095 3757 ipsum
1127 3671 1302 3737 Romulum
1326 3682 1360 3740 et
1382 3673 1522 3740 Numam

376 3781 572 3866 Pompilium
602 3781 696 3846 binos
730 3784 923 3865 quaestores
954 3783 1128 3864 habuisse,
1161 3803 1245 3866 quos
1274 3788 1339 3870 ipsi
1369 3807 1435 3850 non
1463 3807 1523 3849 sua

377 3911 460 3958 voce
482 3891 543 3957 sed
560 3891 670 3976 populi
691 3893 839 3974 suffropio
862 3903 1021 3971 crearent,
1044 3894 1154 3958 refert.
1178 3871 1237 3959 sed
1270 3897 1366 3960 sicuti
1389 3896 1522 3962 dubium

378 4011 444 4086 cst,
473 4024 516 4068 an
543 4001 686 4068 Romulo
714 4011 748 4068 el
774 4001 882 4068 Numa
909 4004 1121 4090 regnantibus
1152 4014 1308 4089 quaestor
1330 4006 1445 4087 fucrit,
1475 4009 1522 4072 ita

466 4368 514 4434 ¹⁴⁰)
533 4368 602 4418 Anu.
621 4369 673 4433 XI,
692 4369 733 4418 22.

465 4462 511 4530 ²⁴¹)
529 4461 570 4512 De
589 4461 634 4513 aff.
654 4467 758 4526 quaest.
777 4462 836 4527 Dlg.
855 4461 878 4527 1,
900 4463 939 4512 18.
