3530 5374
1255 555 1293 624 al

163 725 209 792 Ea
228 731 325 813 igitur
352 750 408 794 res
434 729 497 794 iam
518 751 582 794 non
605 731 686 794 mira
708 738 764 794 aut
788 728 933 796 difficilis
957 753 1031 796 esse
1053 731 1235 815 videbitur,
1268 735 1297 798 si

165 841 357 934 damnatam
386 843 429 906 ud
456 843 599 906 uacuus
625 858 746 926 quoquo
774 843 866 907 modo
895 845 1090 924 reserandum
1119 864 1184 908 esse
1215 865 1296 910 cons

163 974 305 1018 cessans.

241 1101 293 1166 Ac
315 1102 463 1179 Tacitus,
495 1101 550 1168 ubi
579 1123 687 1168 rerum
710 1109 877 1190 gestarum
900 1105 985 1167 serie
1009 1101 1138 1166 ducitur
1161 1102 1204 1167 ad
1225 1113 1296 1170 tra·

162 1213 524 1280 dendumRomanorum
542 1235 734 1280 concursum
752 1235 826 1280 cum
840 1218 1013 1302 peregrina
1029 1215 1139 1299 aliqua
1153 1219 1296 1300 natione,

161 1348 240 1410 quae
263 1327 404 1391 noudum
427 1329 507 1391 satie
530 1335 608 1392 nota
630 1348 669 1392 ac
690 1335 799 1392 tamen
824 1335 1003 1391 memoratu
1023 1325 1295 1413 dignavideatur,

160 1460 329 1522 numquam
352 1441 439 1520 fore,
471 1443 561 1525 prius
584 1460 681 1524 quam
704 1461 811 1504 rernm
847 1440 993 1504 ordinem
1025 1443 1207 1520 continuet,
1241 1437 1295 1502 vel

159 1551 267 1634 paucis
291 1549 344 1614 vel
367 1549 476 1616 multis
494 1553 604 1617 verbis
623 1552 736 1637 populi
751 1552 838 1616 illius
858 1550 955 1616 sedes
973 1572 1145 1634 moresque
1164 1571 1294 1615 narrare

159 1663 391 1745 praetermittit.
443 1659 516 1726 Hac
548 1663 679 1746 quidem
712 1666 744 1726 in
777 1683 812 1728 re
846 1661 1033 1747 exemplum
1067 1662 1108 1725 ab
1138 1659 1295 1726 Romanis

158 1775 333 1856 superioris
358 1775 475 1838 aetatis
498 1795 606 1838 rerum
629 1772 842 1859 scriptoribus
865 1775 955 1839 velut
977 1771 1131 1839 Sallustio
1152 1771 1295 1837 Caesare

157 1883 251 1947 Livio
280 1885 390 1949 datum
424 1889 582 1968 sequitur.
628 1885 679 1950 Ita
700 1889 765 1950 iam
788 1888 819 1948 in
842 1883 1000 1972 Agricola
1022 1883 1209 1949 Britanniae
1233 1883 1295 1948 de·

157 1998 363 2080 scriptionem
392 1999 619 2082 cognovimus3
653 1999 685 2060 in
716 1997 858 2062 historiis
892 2017 1064 2062 excursum
1094 1995 1134 2059 de
1166 1993 1296 2060 ludaeis

155 2109 350 2188 invenimns3
388 2107 456 2170 huo
482 2107 579 2172 etiam
617 2126 702 2189 quae
732 2107 773 2171 de
803 2107 892 2170 cultu
915 2106 1054 2172 Veneris
1084 2107 1231 2190 Paphiae
1263 2114 1297 2169 et

156 2217 322 2302 Serapidis
345 2218 527 2292 truduntur,
550 2221 722 2302 pertinent.
766 2215 886 2280 Nonne
905 2219 1007 2302 igitur
1028 2216 1195 2294 Tacitum,
1223 2235 1296 2278 cum

154 2332 185 2390 in
210 2315 353 2392 historiis
376 2329 417 2392 de
440 2327 612 2392 Gennanis
637 2331 666 2391 ei
689 2328 850 2412 agendum
876 2335 980 2407 esset,
1012 2327 1053 2390 dc
1076 2329 1219 2390 maxima
1241 2326 1297 2390 illa

154 2443 285 2503 natione
309 2443 473 2524 copiosius
497 2439 693 2503 disseruisse
716 2449 805 2503 recte
829 2437 1038 2524 colligimus?
1081 2438 1128 2500 At
1150 2459 1229 2501 vero
1253 2457 1296 2501 ex

154 2552 248 2634 primi
278 2549 484 2613 historiarum
515 2550 588 2614 libri
619 2552 728 2634 capite
755 2550 878 2626 altero,
912 2570 977 2632 quo
999 2557 1165 2631 tamquam
1194 2570 1297 2632 argu·-

154 2670 264 2723 mento
296 2663 396 2724 totins
426 2663 536 2745 operis
565 2681 692 2724 errnrma
716 2663 915 2741 continetur,
950 2681 1022 2724 eum
1046 2664 1199 2724 excursui
1222 2659 1298 2723 huic

153 2772 259 2835 locum
283 2774 385 2836 fuisse
408 2773 714 2853 animadvertimus,
742 2772 795 2836 ubi
818 2773 896 2834 bellu
919 2792 987 2834 urm
1010 2772 1180 2835 &eborum
1200 2773 1297 2853 peuti-

152 2882 207 2944 bua
236 2885 435 2966 referrentur.
492 2882 557 2947 Sed
588 2882 670 2946 haec
697 2885 769 2969 ipsa
799 2883 1006 2948 historiarum
1038 2906 1114 2968 pars
1145 2885 1297 2948 fortunae
1391 2899 1393 2904 '

150 2992 275 3058 invidia
296 2993 462 3060 intercidit
482 2993 540 3076 ¹²⁸).

155 3191 361 3200 Ἣ*
368 3195 393 3200 --
402 3195 429 3202 -,.
448 3195 945 3202 ——·-—-——-—---—-a---.---———·—--—-
953 3196 976 3200 .--
984 3194 1295 3202 .....—-—--ae—--—-—--

240 3307 284 3374 ¹²⁸)
303 3307 363 3360 Hac
388 3313 414 3360 in
439 3313 610 3373 expositione
635 3313 802 3376 opinionem,
828 3325 908 3374 quarn
932 3307 1012 3362 Alea.
1030 3309 1143 3362 Rieea'ua
1168 3309 1243 3376 (an
1261 3312 1296 3361 ll.

150 3417 178 3466 p.
193 3403 345 3454 lue-203:
365 3403 432 3458 „ch
451 3403 660 3468 ursprtingllche
670 3403 857 3467 Bestimmung
875 3403 923 3453 der
937 3403 1081 3454 Germania
1094 3405 1295 3462 desTacitua“l

149 3501 261 3561 tuctur,
285 3495 498 3564 vindicavimus,
525 3497 598 3561 quod
624 3501 807 3564 suspicionum
833 3500 918 3562 spinis
938 3499 1045 3547 omnino
1063 3501 1120 3548 iere
1140 3503 1222 3550 caret.
1260 3502 1296 3549 nt

149 3594 286 3642 obieceris
304 3592 429 3657 sortasse,
443 3596 495 3643 iam
513 3609 545 3646 eo
564 3591 636 3643 bello
655 3593 728 3657 quod
748 3571 808 3643 cum
823 3592 982 3643 IulioCivili
1000 3597 1143 3658 gesserint,
1162 3593 1298 3646 Romanos

148 3701 215 3736 cunr
234 3685 376 3736 Germanis
400 3691 584 3753 concurrisse,
603 3692 709 3753 itaque,
728 3692 752 3738 si
771 3703 834 3738 vcra
852 3693 926 3738 essct
943 3689 1027 3738 ltiesii
1044 3691 1193 3753 sententia,
1212 3691 1298 3739 multo

147 3783 229 3844 priua
247 3779 443 3832 Germanorum
463 3785 488 3832 in
506 3783 625 3832 historiis
651 3785 815 3832 mentionem
841 3784 926 3831 luisse
951 3783 1112 3832 faciendam.
1149 3781 1204 3832 Sed
1227 3783 1297 3832 hano

148 3875 352 3939 difficultatem,
371 3875 419 3928 ubi
437 3876 610 3928 historiarum
624 3880 702 3940 quasi
721 3882 908 3942 argumentum
921 3877 942 3941 l,
962 3877 985 3926 2.
1005 3880 1168 3942 respexeris,
1186 3891 1298 3940 prorsus

147 3970 293 4020 enucleari
311 3973 413 4034 optime
432 3970 540 4020 Riesius
557 3975 669 4022 monuit.
694 3971 802 4022 Etenim
821 3986 882 4022 cum
901 3968 1027 4026 „Gudiua
1043 3976 1188 4020 nutantem
1207 3976 1297 4022 ruani-

147 4064 224 4114 i'eato
243 4064 463 4116 sd-Batavorum
480 4067 657 4117 rebellionem
674 4068 843 4132 pertineant,
868 4067 964 4118 Tacito
988 4066 1025 4116 ibi
1049 4080 1103 4116 uon
1126 4065 1159 4116 de
1179 4065 1297 4118 Germa·

146 4170 248 4208 norum
267 4159 523 4213 transrhenanorum
542 4161 667 4226 auxiliis,
691 4161 740 4211 sed
763 4163 854 4224 potius
878 4161 912 4212 de
936 4163 1003 4226 ipsis
1020 4160 1132 4210 Batavis
1151 4159 1296 4214 dicendum

146 4254 238 4304 ruisse
258 4260 470 4306 consentaneum
488 4261 538 4306 cst.
564 4256 620 4308 Sed
638 4257 757 4308 dabatur
772 4257 827 4306 alia
845 4269 878 4305 ac
895 4255 981 4304 multo
1000 4256 1176 4318 opportunior
1195 4268 1298 4306 excur-

146 4361 198 4399 sus
223 4349 259 4400 de
282 4348 425 4401 Germanis
455 4351 592 4402 inserendi
616 4353 733 4400 occasio.
775 4349 845 4399 Nam
869 4349 1024 4398 Domitiano
1048 4350 1199 4412 imperante
1225 4351 1298 4398 circa

146 4457 239 4493 annos
262 4445 372 4497 stt-ao.
391 4459 416 4510 p.
436 4445 498 4496 Ohr.
523 4449 647 4496 nationes
672 4447 803 4496 barbarae
825 4445 979 4496 Danubium
1001 4444 1157 4496 accolentes
1183 4446 1299 4498 Germa·

146 4551 259 4604 norum,
279 4536 472 4604 Sarmatarum,
490 4539 626 4590 Dacorum
645 4555 720 4591 arma
736 4539 977 4590 contraRomauoa
990 4537 1125 4604 tulerant,
1144 4556 1213 4604 quae
1226 4543 1298 4594 bella

1056 4635 1091 4683 4*
