<?xml version="1.0" encoding="UTF-8"?>
<!DOCTYPE html PUBLIC "-//W3C//DTD XHTML 1.0 Transitional//EN"
    "http://www.w3.org/TR/xhtml1/DTD/xhtml1-transitional.dtd">
<html xmlns="http://www.w3.org/1999/xhtml" xml:lang="en" lang="en">
 <head>
  <title>
</title>
<meta http-equiv="Content-Type" content="text/html;charset=utf-8" />
  <meta name='ocr-system' content='tesseract 3.04.00' />
  <meta name='ocr-capabilities' content='ocr_page ocr_carea ocr_par ocr_line ocrx_word'/>
</head>
<body>
  <div class='ocr_page' id='page_1' title='image "./dedoctrinatacit00liebgoog_0016.png"; bbox 0 0 3530 5374; ppageno 0'>
   <div class='ocr_carea' id='block_1_1' title="bbox 244 437 379 520">
    <p class='ocr_par' dir='ltr' id='par_1_1' title="bbox 244 437 379 520">
     <span class='ocr_line' id='line_1_1' title="bbox 244 437 379 520; baseline 0 -20"><span class='ocrx_word' id='word_1_1' title='bbox 244 513 245 520; x_wconf 8' lang='grc' dir='ltr'>ἵ</span> <span class='ocrx_word' id='word_1_2' title='bbox 358 437 379 500; x_wconf 89' lang='grc'>8</span> 
     </span>
    </p>
   </div>
   <div class='ocr_carea' id='block_1_2' title="bbox 357 603 1560 2695">
    <p class='ocr_par' dir='ltr' id='par_1_2' title="bbox 357 603 1498 1468">
     <span class='ocr_line' id='line_1_2' title="bbox 357 603 1496 694; baseline -0.002 -22"><span class='ocrx_word' id='word_1_3' title='bbox 357 609 390 672; x_wconf 93' lang='lat' dir='ltr'><strong>in</strong></span> <span class='ocrx_word' id='word_1_4' title='bbox 420 605 527 672; x_wconf 89' lang='lat' dir='ltr'><strong>locum</strong></span> <span class='ocrx_word' id='word_1_5' title='bbox 556 603 701 689; x_wconf 81' lang='lat' dir='ltr'><strong>Verginii</strong></span> <span class='ocrx_word' id='word_1_6' title='bbox 731 603 810 668; x_wconf 77' lang='lat' dir='ltr'><strong>Rus</strong></span> <span class='ocrx_word' id='word_1_7' title='bbox 837 604 950 668; x_wconf 89' lang='lat' dir='ltr'><strong>consul</strong></span> <span class='ocrx_word' id='word_1_8' title='bbox 979 606 1136 669; x_wconf 80' lang='lat' dir='ltr'><strong>suffectus</strong></span> <span class='ocrx_word' id='word_1_9' title='bbox 1169 606 1255 671; x_wconf 88' lang='lat' dir='ltr'><strong>hunc</strong></span> <span class='ocrx_word' id='word_1_10' title='bbox 1287 628 1348 694; x_wconf 89' lang='lat' dir='ltr'><strong>pro</strong></span> <span class='ocrx_word' id='word_1_11' title='bbox 1382 610 1496 670; x_wconf 88' lang='lat' dir='ltr'><strong>rostris</strong></span> 
     </span>
     <span class='ocr_line' id='line_1_3' title="bbox 359 714 1496 802; baseline -0.002 -20"><span class='ocrx_word' id='word_1_12' title='bbox 359 717 623 800; x_wconf 82' lang='lat' dir='ltr'><strong>eloquentissime</strong></span> <span class='ocrx_word' id='word_1_13' title='bbox 655 714 803 778; x_wconf 86' lang='lat' dir='ltr'><strong>laudavit</strong></span> <span class='ocrx_word' id='word_1_14' title='bbox 837 715 936 793; x_wconf 84' lang='lat' dir='ltr'><strong>(Plin.</strong></span> <span class='ocrx_word' id='word_1_15' title='bbox 958 715 1043 802; x_wconf 86' lang='lat' dir='ltr'><strong>Epp.</strong></span> <span class='ocrx_word' id='word_1_16' title='bbox 1067 716 1109 794; x_wconf 87' lang='lat' dir='ltr'><strong>II,</strong></span> <span class='ocrx_word' id='word_1_17' title='bbox 1138 720 1186 798; x_wconf 89' lang='grc'>1.).</span> <span class='ocrx_word' id='word_1_18' title='bbox 1231 718 1285 782; x_wconf 89' lang='lat' dir='ltr'><strong>Ab</strong></span> <span class='ocrx_word' id='word_1_19' title='bbox 1316 719 1496 783; x_wconf 91' lang='lat' dir='ltr'><strong>ann0100.</strong></span> 
     </span>
     <span class='ocr_line' id='line_1_4' title="bbox 357 826 1497 914; baseline 0 -21"><span class='ocrx_word' id='word_1_20' title='bbox 357 851 389 914; x_wconf 87' lang='lat' dir='ltr'><strong>p.</strong></span> <span class='ocrx_word' id='word_1_21' title='bbox 401 827 488 906; x_wconf 83' lang='lat' dir='ltr'><strong>Chr,</strong></span> <span class='ocrx_word' id='word_1_22' title='bbox 512 847 577 909; x_wconf 91' lang='lat' dir='ltr'><strong>quo</strong></span> <span class='ocrx_word' id='word_1_23' title='bbox 600 847 665 890; x_wconf 93' lang='lat' dir='ltr'><strong>una</strong></span> <span class='ocrx_word' id='word_1_24' title='bbox 687 846 759 890; x_wconf 90' lang='lat' dir='ltr'><strong>cum</strong></span> <span class='ocrx_word' id='word_1_25' title='bbox 771 826 878 890; x_wconf 90' lang='lat' dir='ltr'><strong>Plinio</strong></span> <span class='ocrx_word' id='word_1_26' title='bbox 901 826 1035 891; x_wconf 88' lang='lat' dir='ltr'><strong>consule</strong></span> <span class='ocrx_word' id='word_1_27' title='bbox 1057 827 1230 914; x_wconf 87' lang='lat' dir='ltr'><strong>designato</strong></span> <span class='ocrx_word' id='word_1_28' title='bbox 1242 828 1398 893; x_wconf 81' lang='lat' dir='ltr'><strong>Afrorum</strong></span> <span class='ocrx_word' id='word_1_29' title='bbox 1417 849 1497 893; x_wconf 86' lang='lat' dir='ltr'><strong>cau-</strong></span> 
     </span>
     <span class='ocr_line' id='line_1_5' title="bbox 359 937 1497 1023; baseline -0.001 -18"><span class='ocrx_word' id='word_1_30' title='bbox 359 961 428 1006; x_wconf 90' lang='lat' dir='ltr'><strong>sam</strong></span> <span class='ocrx_word' id='word_1_31' title='bbox 452 947 565 1004; x_wconf 87' lang='lat' dir='ltr'><strong>contra</strong></span> <span class='ocrx_word' id='word_1_32' title='bbox 587 937 726 1002; x_wconf 89' lang='lat' dir='ltr'><strong>Marium</strong></span> <span class='ocrx_word' id='word_1_33' title='bbox 748 939 898 1002; x_wconf 90' lang='lat' dir='ltr'><strong>Priscum</strong></span> <span class='ocrx_word' id='word_1_34' title='bbox 919 959 981 1023; x_wconf 88' lang='lat' dir='ltr'><strong>pro</strong></span> <span class='ocrx_word' id='word_1_35' title='bbox 1004 939 1137 1004; x_wconf 86' lang='lat' dir='ltr'><strong>consule</strong></span> <span class='ocrx_word' id='word_1_36' title='bbox 1166 949 1300 1006; x_wconf 86' lang='lat' dir='ltr'><strong>senatus</strong></span> <span class='ocrx_word' id='word_1_37' title='bbox 1322 943 1413 1006; x_wconf 86' lang='lat' dir='ltr'><strong>iussn</strong></span> <span class='ocrx_word' id='word_1_38' title='bbox 1436 939 1497 1005; x_wconf 90' lang='lat' dir='ltr'><strong>de·</strong></span> 
     </span>
     <span class='ocr_line' id='line_1_6' title="bbox 358 1048 1497 1132; baseline 0.001 -16"><span class='ocrx_word' id='word_1_39' title='bbox 358 1051 473 1132; x_wconf 87' lang='lat' dir='ltr'><strong>fendit,</strong></span> <span class='ocrx_word' id='word_1_40' title='bbox 496 1049 586 1114; x_wconf 88' lang='lat' dir='ltr'><strong>nulla</strong></span> <span class='ocrx_word' id='word_1_41' title='bbox 606 1052 670 1114; x_wconf 90' lang='lat' dir='ltr'><strong>iam</strong></span> <span class='ocrx_word' id='word_1_42' title='bbox 694 1048 736 1114; x_wconf 89' lang='lat' dir='ltr'><strong>de</strong></span> <span class='ocrx_word' id='word_1_43' title='bbox 759 1049 885 1132; x_wconf 87' lang='lat' dir='ltr'><strong>reliqua</strong></span> <span class='ocrx_word' id='word_1_44' title='bbox 899 1050 969 1114; x_wconf 91' lang='lat' dir='ltr'><strong>eius</strong></span> <span class='ocrx_word' id='word_1_45' title='bbox 981 1051 1182 1116; x_wconf 88' lang='lat' dir='ltr'><strong>vitamentio</strong></span> <span class='ocrx_word' id='word_1_46' title='bbox 1194 1054 1332 1131; x_wconf 78' lang='lat' dir='ltr'><strong>inicitur,</strong></span> <span class='ocrx_word' id='word_1_47' title='bbox 1355 1054 1497 1118; x_wconf 85' lang='lat' dir='ltr'><strong>fortasse</strong></span> 
     </span>
     <span class='ocr_line' id='line_1_7' title="bbox 358 1160 1496 1255; baseline 0 -29"><span class='ocrx_word' id='word_1_48' title='bbox 358 1170 535 1249; x_wconf 89' lang='lat' dir='ltr'><strong>propterea</strong></span> <span class='ocrx_word' id='word_1_49' title='bbox 557 1160 646 1244; x_wconf 91' lang='lat' dir='ltr'><strong>quod</strong></span> <span class='ocrx_word' id='word_1_50' title='bbox 668 1162 872 1255; x_wconf 86' lang='lat' dir='ltr'><strong>inprivatae</strong></span> <span class='ocrx_word' id='word_1_51' title='bbox 895 1162 984 1224; x_wconf 88' lang='lat' dir='ltr'><strong>vitae</strong></span> <span class='ocrx_word' id='word_1_52' title='bbox 1007 1163 1107 1225; x_wconf 92' lang='lat' dir='ltr'><strong>otium</strong></span> <span class='ocrx_word' id='word_1_53' title='bbox 1130 1184 1166 1225; x_wconf 84' lang='lat' dir='ltr'><strong>se</strong></span> <span class='ocrx_word' id='word_1_54' title='bbox 1189 1165 1314 1247; x_wconf 89' lang='lat' dir='ltr'><strong>recepit</strong></span> <span class='ocrx_word' id='word_1_55' title='bbox 1335 1171 1371 1226; x_wconf 94' lang='lat' dir='ltr'><strong>ut</strong></span> <span class='ocrx_word' id='word_1_56' title='bbox 1393 1171 1496 1226; x_wconf 88' lang='lat' dir='ltr'><strong>totum</strong></span> 
     </span>
     <span class='ocr_line' id='line_1_8' title="bbox 358 1271 1498 1356; baseline 0.001 -19"><span class='ocrx_word' id='word_1_57' title='bbox 358 1274 476 1338; x_wconf 89' lang='lat' dir='ltr'><strong>litteris</strong></span> <span class='ocrx_word' id='word_1_58' title='bbox 498 1293 535 1337; x_wconf 88' lang='lat' dir='ltr'><strong>se</strong></span> <span class='ocrx_word' id='word_1_59' title='bbox 559 1271 653 1336; x_wconf 89' lang='lat' dir='ltr'><strong>daret</strong></span> <span class='ocrx_word' id='word_1_60' title='bbox 675 1280 709 1336; x_wconf 91' lang='lat' dir='ltr'><strong>et</strong></span> <span class='ocrx_word' id='word_1_61' title='bbox 730 1271 874 1336; x_wconf 90' lang='lat' dir='ltr'><strong>historiis</strong></span> <span class='ocrx_word' id='word_1_62' title='bbox 898 1271 1077 1342; x_wconf 84' lang='lat' dir='ltr'><strong>scribendis</strong></span> <span class='ocrx_word' id='word_1_63' title='bbox 1100 1294 1233 1356; x_wconf 86' lang='lat' dir='ltr'><strong>operam</strong></span> <span class='ocrx_word' id='word_1_64' title='bbox 1254 1285 1405 1355; x_wconf 81' lang='lat' dir='ltr'><strong>navaret3</strong></span> <span class='ocrx_word' id='word_1_65' title='bbox 1438 1273 1498 1340; x_wconf 87' lang='lat' dir='ltr'><strong>sed</strong></span> 
     </span>
     <span class='ocr_line' id='line_1_9' title="bbox 358 1382 1193 1468; baseline 0 -20"><span class='ocrx_word' id='word_1_66' title='bbox 358 1407 424 1450; x_wconf 94' lang='lat' dir='ltr'><strong>non</strong></span> <span class='ocrx_word' id='word_1_67' title='bbox 445 1387 525 1449; x_wconf 89' lang='lat' dir='ltr'><strong>satis</strong></span> <span class='ocrx_word' id='word_1_68' title='bbox 548 1383 652 1466; x_wconf 88' lang='lat' dir='ltr'><strong>liquet</strong></span> <span class='ocrx_word' id='word_1_69' title='bbox 675 1383 731 1462; x_wconf 83' lang='lat' dir='ltr'><strong>(cf.</strong></span> <span class='ocrx_word' id='word_1_70' title='bbox 755 1382 855 1447; x_wconf 90' lang='lat' dir='ltr'><strong>Haas.</strong></span> <span class='ocrx_word' id='word_1_71' title='bbox 878 1383 899 1446; x_wconf 93' lang='lat' dir='ltr'><strong>l.</strong></span> <span class='ocrx_word' id='word_1_72' title='bbox 922 1383 942 1446; x_wconf 93' lang='lat' dir='ltr'><strong>l.</strong></span> <span class='ocrx_word' id='word_1_73' title='bbox 964 1405 997 1468; x_wconf 87' lang='lat' dir='ltr'><strong>p.</strong></span> <span class='ocrx_word' id='word_1_74' title='bbox 1019 1382 1075 1448; x_wconf 86' lang='lat' dir='ltr'><strong>XI</strong></span> <span class='ocrx_word' id='word_1_75' title='bbox 1097 1386 1193 1467; x_wconf 86' lang='lat' dir='ltr'><strong>sqq).</strong></span> 
     </span>
    </p>

    <p class='ocr_par' dir='ltr' id='par_1_3' title="bbox 358 1493 1560 2695">
     <span class='ocr_line' id='line_1_10' title="bbox 444 1493 1499 1582; baseline 0.003 -23"><span class='ocrx_word' id='word_1_76' title='bbox 444 1495 483 1559; x_wconf 94' lang='lat' dir='ltr'><strong>In</strong></span> <span class='ocrx_word' id='word_1_77' title='bbox 503 1494 593 1558; x_wconf 92' lang='lat' dir='ltr'><strong>nullo</strong></span> <span class='ocrx_word' id='word_1_78' title='bbox 615 1493 796 1558; x_wconf 90' lang='lat' dir='ltr'><strong>litterarum</strong></span> <span class='ocrx_word' id='word_1_79' title='bbox 818 1515 939 1580; x_wconf 86' lang='lat' dir='ltr'><strong>genere</strong></span> <span class='ocrx_word' id='word_1_80' title='bbox 959 1493 1097 1558; x_wconf 89' lang='lat' dir='ltr'><strong>Romani</strong></span> <span class='ocrx_word' id='word_1_81' title='bbox 1120 1517 1180 1582; x_wconf 89' lang='lat' dir='ltr'><strong>pro</strong></span> <span class='ocrx_word' id='word_1_82' title='bbox 1202 1517 1263 1560; x_wconf 89' lang='lat' dir='ltr'><strong>sua</strong></span> <span class='ocrx_word' id='word_1_83' title='bbox 1284 1505 1410 1577; x_wconf 88' lang='lat' dir='ltr'><strong>natura,</strong></span> <span class='ocrx_word' id='word_1_84' title='bbox 1433 1519 1499 1581; x_wconf 91' lang='lat' dir='ltr'><strong>qua</strong></span> 
     </span>
     <span class='ocr_line' id='line_1_11' title="bbox 359 1607 1498 1690; baseline 0.001 -19"><span class='ocrx_word' id='word_1_85' title='bbox 359 1628 467 1672; x_wconf 90' lang='lat' dir='ltr'><strong>rerum</strong></span> <span class='ocrx_word' id='word_1_86' title='bbox 489 1628 583 1672; x_wconf 90' lang='lat' dir='ltr'><strong>usum</strong></span> <span class='ocrx_word' id='word_1_87' title='bbox 605 1609 747 1670; x_wconf 82' lang='lat' dir='ltr'><strong>maxime</strong></span> <span class='ocrx_word' id='word_1_88' title='bbox 770 1607 974 1690; x_wconf 79' lang='lat' dir='ltr'><strong>spectabant,</strong></span> <span class='ocrx_word' id='word_1_89' title='bbox 996 1609 1118 1670; x_wconf 90' lang='lat' dir='ltr'><strong>maiore</strong></span> <span class='ocrx_word' id='word_1_90' title='bbox 1139 1607 1248 1671; x_wconf 88' lang='lat' dir='ltr'><strong>studio</strong></span> <span class='ocrx_word' id='word_1_91' title='bbox 1268 1612 1390 1674; x_wconf 85' lang='lat' dir='ltr'><strong>versati</strong></span> <span class='ocrx_word' id='word_1_92' title='bbox 1412 1617 1498 1688; x_wconf 86' lang='lat' dir='ltr'><strong>sunt,</strong></span> 
     </span>
     <span class='ocr_line' id='line_1_12' title="bbox 359 1717 1498 1802; baseline 0 -18"><span class='ocrx_word' id='word_1_93' title='bbox 359 1721 392 1784; x_wconf 92' lang='lat' dir='ltr'><strong>in</strong></span> <span class='ocrx_word' id='word_1_94' title='bbox 414 1717 502 1782; x_wconf 91' lang='lat' dir='ltr'><strong>nullo</strong></span> <span class='ocrx_word' id='word_1_95' title='bbox 526 1717 653 1782; x_wconf 86' lang='lat' dir='ltr'><strong>felicius</strong></span> <span class='ocrx_word' id='word_1_96' title='bbox 676 1717 887 1801; x_wconf 82' lang='lat' dir='ltr'><strong>profecerunt</strong></span> <span class='ocrx_word' id='word_1_97' title='bbox 909 1737 1007 1800; x_wconf 85' lang='lat' dir='ltr'><strong>quam</strong></span> <span class='ocrx_word' id='word_1_98' title='bbox 1029 1720 1062 1781; x_wconf 91' lang='lat' dir='ltr'><strong>in</strong></span> <span class='ocrx_word' id='word_1_99' title='bbox 1085 1717 1272 1802; x_wconf 90' lang='lat' dir='ltr'><strong>eloquentia</strong></span> <span class='ocrx_word' id='word_1_100' title='bbox 1296 1727 1329 1782; x_wconf 90' lang='lat' dir='ltr'><strong>et</strong></span> <span class='ocrx_word' id='word_1_101' title='bbox 1354 1720 1498 1784; x_wconf 87' lang='lat' dir='ltr'><strong>historia.</strong></span> 
     </span>
     <span class='ocr_line' id='line_1_13' title="bbox 360 1827 1498 1914; baseline 0 -18"><span class='ocrx_word' id='word_1_102' title='bbox 360 1829 528 1896; x_wconf 81' lang='lat' dir='ltr'><strong>Gratuleri</strong></span> <span class='ocrx_word' id='word_1_103' title='bbox 549 1830 649 1914; x_wconf 81' lang='lat' dir='ltr'><strong>igitur</strong></span> <span class='ocrx_word' id='word_1_104' title='bbox 670 1828 765 1892; x_wconf 91' lang='lat' dir='ltr'><strong>nobis</strong></span> <span class='ocrx_word' id='word_1_105' title='bbox 788 1827 955 1909; x_wconf 90' lang='lat' dir='ltr'><strong>debemus,</strong></span> <span class='ocrx_word' id='word_1_106' title='bbox 978 1829 1067 1911; x_wconf 94' lang='lat' dir='ltr'><strong>quod</strong></span> <span class='ocrx_word' id='word_1_107' title='bbox 1090 1829 1235 1908; x_wconf 78' lang='lat' dir='ltr'><strong>Tacitus,</strong></span> <span class='ocrx_word' id='word_1_108' title='bbox 1259 1833 1350 1894; x_wconf 89' lang='lat' dir='ltr'><strong>cuius</strong></span> <span class='ocrx_word' id='word_1_109' title='bbox 1371 1830 1498 1896; x_wconf 77' lang='lat' dir='ltr'><strong>indoles</strong></span> 
     </span>
     <span class='ocr_line' id='line_1_14' title="bbox 360 1940 1499 2026; baseline 0.001 -20"><span class='ocrx_word' id='word_1_110' title='bbox 360 1942 463 2006; x_wconf 91' lang='lat' dir='ltr'><strong>omnis</strong></span> <span class='ocrx_word' id='word_1_111' title='bbox 492 1940 671 2005; x_wconf 88' lang='lat' dir='ltr'><strong>Romanam</strong></span> <span class='ocrx_word' id='word_1_112' title='bbox 702 1941 844 2024; x_wconf 87' lang='lat' dir='ltr'><strong>ingenue</strong></span> <span class='ocrx_word' id='word_1_113' title='bbox 877 1947 1025 2004; x_wconf 85' lang='lat' dir='ltr'><strong>usturam</strong></span> <span class='ocrx_word' id='word_1_114' title='bbox 1058 1941 1283 2026; x_wconf 81' lang='lat' dir='ltr'><strong>profitebatur,</strong></span> <span class='ocrx_word' id='word_1_115' title='bbox 1318 1943 1399 2006; x_wconf 93' lang='lat' dir='ltr'><strong>baec</strong></span> <span class='ocrx_word' id='word_1_116' title='bbox 1433 1942 1499 2008; x_wconf 92' lang='lat' dir='ltr'><strong>duo</strong></span> 
     </span>
     <span class='ocr_line' id='line_1_15' title="bbox 359 2051 1497 2140; baseline 0.001 -22"><span class='ocrx_word' id='word_1_117' title='bbox 359 2052 540 2118; x_wconf 90' lang='lat' dir='ltr'><strong>studiorum</strong></span> <span class='ocrx_word' id='word_1_118' title='bbox 562 2071 683 2138; x_wconf 86' lang='lat' dir='ltr'><strong>genera</strong></span> <span class='ocrx_word' id='word_1_119' title='bbox 705 2051 877 2135; x_wconf 88' lang='lat' dir='ltr'><strong>amplexus</strong></span> <span class='ocrx_word' id='word_1_120' title='bbox 900 2060 936 2115; x_wconf 90' lang='lat' dir='ltr'><strong>ut</strong></span> <span class='ocrx_word' id='word_1_121' title='bbox 958 2054 1004 2116; x_wconf 89' lang='lat' dir='ltr'><strong>ita</strong></span> <span class='ocrx_word' id='word_1_122' title='bbox 1029 2051 1133 2117; x_wconf 91' lang='lat' dir='ltr'><strong>dicam</strong></span> <span class='ocrx_word' id='word_1_123' title='bbox 1155 2053 1291 2118; x_wconf 87' lang='lat' dir='ltr'><strong>alteram</strong></span> <span class='ocrx_word' id='word_1_124' title='bbox 1310 2057 1397 2119; x_wconf 91' lang='lat' dir='ltr'><strong>vitae</strong></span> <span class='ocrx_word' id='word_1_125' title='bbox 1419 2077 1497 2140; x_wconf 82' lang='lat' dir='ltr'><strong>par-</strong></span> 
     </span>
     <span class='ocr_line' id='line_1_16' title="bbox 359 2147 1560 2247; baseline 0.004 -20"><span class='ocrx_word' id='word_1_126' title='bbox 359 2172 424 2228; x_wconf 91' lang='lat' dir='ltr'><strong>tem</strong></span> <span class='ocrx_word' id='word_1_127' title='bbox 447 2163 673 2247; x_wconf 79' lang='lat' dir='ltr'><strong>eloquentiae,</strong></span> <span class='ocrx_word' id='word_1_128' title='bbox 710 2162 846 2227; x_wconf 88' lang='lat' dir='ltr'><strong>alteram</strong></span> <span class='ocrx_word' id='word_1_129' title='bbox 880 2163 1034 2227; x_wconf 85' lang='lat' dir='ltr'><strong>historiae</strong></span> <span class='ocrx_word' id='word_1_130' title='bbox 1067 2164 1224 2228; x_wconf 88' lang='lat' dir='ltr'><strong>tribuerit.</strong></span> <span class='ocrx_word' id='word_1_131' title='bbox 1269 2165 1341 2231; x_wconf 90' lang='lat' dir='ltr'><strong>Nec</strong></span> <span class='ocrx_word' id='word_1_132' title='bbox 1373 2168 1496 2232; x_wconf 87' lang='lat' dir='ltr'><strong>minore</strong></span> <span class='ocrx_word' id='word_1_133' title='bbox 1555 2147 1560 2164; x_wconf 55' lang='lat'>⁸</span> 
     </span>
     <span class='ocr_line' id='line_1_17' title="bbox 358 2263 1495 2358; baseline 0.004 -20"><span class='ocrx_word' id='word_1_134' title='bbox 358 2275 492 2339; x_wconf 83' lang='lat' dir='ltr'><strong>fortuna</strong></span> <span class='ocrx_word' id='word_1_135' title='bbox 512 2276 636 2339; x_wconf 85' lang='lat' dir='ltr'><strong>factum</strong></span> <span class='ocrx_word' id='word_1_136' title='bbox 659 2282 718 2342; x_wconf 82' lang='lat' dir='ltr'><strong>est,</strong></span> <span class='ocrx_word' id='word_1_137' title='bbox 742 2280 778 2336; x_wconf 91' lang='lat' dir='ltr'><strong>ut</strong></span> <span class='ocrx_word' id='word_1_138' title='bbox 801 2263 961 2358; x_wconf 87' lang='lat' dir='ltr'><strong>geminum</strong></span> <span class='ocrx_word' id='word_1_139' title='bbox 985 2273 1048 2337; x_wconf 89' lang='lat' dir='ltr'><strong>hoc</strong></span> <span class='ocrx_word' id='word_1_140' title='bbox 1060 2274 1166 2338; x_wconf 86' lang='lat' dir='ltr'><strong>Taciti</strong></span> <span class='ocrx_word' id='word_1_141' title='bbox 1187 2276 1328 2340; x_wconf 91' lang='lat' dir='ltr'><strong>studium</strong></span> <span class='ocrx_word' id='word_1_142' title='bbox 1353 2300 1394 2341; x_wconf 87' lang='lat' dir='ltr'><strong>ex</strong></span> <span class='ocrx_word' id='word_1_143' title='bbox 1407 2278 1495 2342; x_wconf 89' lang='lat' dir='ltr'><strong>libris</strong></span> 
     </span>
     <span class='ocr_line' id='line_1_18' title="bbox 358 2384 1496 2470; baseline 0.002 -18"><span class='ocrx_word' id='word_1_144' title='bbox 358 2388 453 2452; x_wconf 90' lang='lat' dir='ltr'><strong>nobis</strong></span> <span class='ocrx_word' id='word_1_145' title='bbox 476 2389 615 2452; x_wconf 88' lang='lat' dir='ltr'><strong>servatis</strong></span> <span class='ocrx_word' id='word_1_146' title='bbox 638 2385 862 2449; x_wconf 83' lang='lat' dir='ltr'><strong>demonstrare</strong></span> <span class='ocrx_word' id='word_1_147' title='bbox 885 2393 918 2448; x_wconf 90' lang='lat' dir='ltr'><strong>et</strong></span> <span class='ocrx_word' id='word_1_148' title='bbox 940 2384 1084 2449; x_wconf 86' lang='lat' dir='ltr'><strong>iudicare</strong></span> <span class='ocrx_word' id='word_1_149' title='bbox 1106 2389 1278 2470; x_wconf 89' lang='lat' dir='ltr'><strong>possimus.</strong></span> <span class='ocrx_word' id='word_1_150' title='bbox 1308 2388 1390 2453; x_wconf 88' lang='lat' dir='ltr'><strong>Cum</strong></span> <span class='ocrx_word' id='word_1_151' title='bbox 1413 2393 1496 2453; x_wconf 91' lang='lat' dir='ltr'><strong>enim</strong></span> 
     </span>
     <span class='ocr_line' id='line_1_19' title="bbox 359 2497 1497 2583; baseline 0.002 -20"><span class='ocrx_word' id='word_1_152' title='bbox 359 2502 392 2563; x_wconf 93' lang='lat' dir='ltr'><strong>in</strong></span> <span class='ocrx_word' id='word_1_153' title='bbox 414 2499 546 2583; x_wconf 83' lang='lat' dir='ltr'><strong>scriptia</strong></span> <span class='ocrx_word' id='word_1_154' title='bbox 568 2497 703 2562; x_wconf 86' lang='lat' dir='ltr'><strong>alterins</strong></span> <span class='ocrx_word' id='word_1_155' title='bbox 725 2497 813 2560; x_wconf 87' lang='lat' dir='ltr'><strong>vitae</strong></span> <span class='ocrx_word' id='word_1_156' title='bbox 836 2499 949 2580; x_wconf 90' lang='lat' dir='ltr'><strong>partis,</strong></span> <span class='ocrx_word' id='word_1_157' title='bbox 971 2499 1148 2582; x_wconf 86' lang='lat' dir='ltr'><strong>praecipue</strong></span> <span class='ocrx_word' id='word_1_158' title='bbox 1171 2497 1315 2563; x_wconf 87' lang='lat' dir='ltr'><strong>historiis</strong></span> <span class='ocrx_word' id='word_1_159' title='bbox 1339 2511 1372 2565; x_wconf 90' lang='lat' dir='ltr'><strong>et</strong></span> <span class='ocrx_word' id='word_1_160' title='bbox 1393 2522 1497 2565; x_wconf 86' lang='lat' dir='ltr'><strong>anna-</strong></span> 
     </span>
     <span class='ocr_line' id='line_1_20' title="bbox 359 2607 1497 2695; baseline 0.003 -21"><span class='ocrx_word' id='word_1_161' title='bbox 359 2610 463 2692; x_wconf 87' lang='lat' dir='ltr'><strong>libus,</strong></span> <span class='ocrx_word' id='word_1_162' title='bbox 492 2630 599 2675; x_wconf 92' lang='lat' dir='ltr'><strong>rerum</strong></span> <span class='ocrx_word' id='word_1_163' title='bbox 621 2609 813 2692; x_wconf 86' lang='lat' dir='ltr'><strong>scriptorem</strong></span> <span class='ocrx_word' id='word_1_164' title='bbox 836 2609 1032 2688; x_wconf 89' lang='lat' dir='ltr'><strong>invenimus,</strong></span> <span class='ocrx_word' id='word_1_165' title='bbox 1062 2607 1103 2673; x_wconf 89' lang='lat' dir='ltr'><strong>de</strong></span> <span class='ocrx_word' id='word_1_166' title='bbox 1130 2609 1329 2695; x_wconf 86' lang='lat' dir='ltr'><strong>amplissima</strong></span> <span class='ocrx_word' id='word_1_167' title='bbox 1359 2614 1497 2677; x_wconf 89' lang='lat' dir='ltr'><strong>oratoris</strong></span> 
     </span>
    </p>
   </div>
   <div class='ocr_carea' id='block_1_3' title="bbox 329 2719 1500 3476">
    <p class='ocr_par' dir='ltr' id='par_1_4' title="bbox 329 2719 1497 2914">
     <span class='ocr_line' id='line_1_21' title="bbox 360 2719 1497 2810; baseline 0.003 -24"><span class='ocrx_word' id='word_1_168' title='bbox 360 2722 517 2803; x_wconf 84' lang='lat' dir='ltr'><strong>doctrina,</strong></span> <span class='ocrx_word' id='word_1_169' title='bbox 541 2742 638 2806; x_wconf 90' lang='lat' dir='ltr'><strong>quam</strong></span> <span class='ocrx_word' id='word_1_170' title='bbox 660 2742 681 2785; x_wconf 90' lang='lat' dir='ltr'><strong>a</strong></span> <span class='ocrx_word' id='word_1_171' title='bbox 701 2740 805 2810; x_wconf 83' lang='lat' dir='ltr'><strong>puero</strong></span> <span class='ocrx_word' id='word_1_172' title='bbox 828 2719 890 2784; x_wconf 89' lang='lat' dir='ltr'><strong>sibi</strong></span> <span class='ocrx_word' id='word_1_173' title='bbox 913 2729 1170 2806; x_wconf 86' lang='lat' dir='ltr'><strong>comparaverat,</strong></span> <span class='ocrx_word' id='word_1_174' title='bbox 1194 2720 1325 2808; x_wconf 85' lang='lat' dir='ltr'><strong>dialogo</strong></span> <span class='ocrx_word' id='word_1_175' title='bbox 1341 2726 1497 2789; x_wconf 88' lang='lat' dir='ltr'><strong>certiores</strong></span> 
     </span>
     <span class='ocr_line' id='line_1_22' title="bbox 329 2832 534 2914; baseline -0.005 -17"><span class='ocrx_word' id='word_1_176' title='bbox 329 2908 332 2914; x_wconf 44' lang='grc'>,</span> <span class='ocrx_word' id='word_1_177' title='bbox 359 2832 534 2900; x_wconf 88' lang='lat' dir='ltr'><strong>reddimur.</strong></span> 
     </span>
    </p>

    <p class='ocr_par' dir='ltr' id='par_1_5' title="bbox 359 2944 1500 3476">
     <span class='ocr_line' id='line_1_23' title="bbox 446 2944 1499 3032; baseline 0 -22"><span class='ocrx_word' id='word_1_178' title='bbox 446 2947 680 3026; x_wconf 86' lang='lat' dir='ltr'><strong>Quaestionem</strong></span> <span class='ocrx_word' id='word_1_179' title='bbox 709 2944 751 3009; x_wconf 90' lang='lat' dir='ltr'><strong>de</strong></span> <span class='ocrx_word' id='word_1_180' title='bbox 773 2944 898 3032; x_wconf 87' lang='lat' dir='ltr'><strong>dialogi</strong></span> <span class='ocrx_word' id='word_1_181' title='bbox 924 2952 1057 3009; x_wconf 87' lang='lat' dir='ltr'><strong>auctore</strong></span> <span class='ocrx_word' id='word_1_182' title='bbox 1088 2944 1196 3008; x_wconf 93' lang='lat' dir='ltr'><strong>denuo</strong></span> <span class='ocrx_word' id='word_1_183' title='bbox 1226 2967 1406 3030; x_wconf 85' lang='lat' dir='ltr'><strong>recoquere</strong></span> <span class='ocrx_word' id='word_1_184' title='bbox 1435 2969 1499 3011; x_wconf 91' lang='lat' dir='ltr'><strong>non</strong></span> 
     </span>
     <span class='ocr_line' id='line_1_24' title="bbox 359 3051 1499 3145; baseline -0.002 -21"><span class='ocrx_word' id='word_1_185' title='bbox 359 3059 484 3145; x_wconf 87' lang='lat' dir='ltr'><strong>placet,</strong></span> <span class='ocrx_word' id='word_1_186' title='bbox 513 3057 602 3141; x_wconf 91' lang='lat' dir='ltr'><strong>qnod</strong></span> <span class='ocrx_word' id='word_1_187' title='bbox 631 3079 704 3121; x_wconf 93' lang='lat' dir='ltr'><strong>cum</strong></span> <span class='ocrx_word' id='word_1_188' title='bbox 733 3056 929 3139; x_wconf 75' lang='lat' dir='ltr'><strong>Webakaaffii</strong></span> <span class='ocrx_word' id='word_1_189' title='bbox 950 3057 1229 3122; x_wconf 80' lang='lat' dir='ltr'><strong>lucubrationibus</strong></span> <span class='ocrx_word' id='word_1_190' title='bbox 1258 3051 1417 3144; x_wconf 75' lang='lat' dir='ltr'><strong>(,Progr.</strong></span> <span class='ocrx_word' id='word_1_191' title='bbox 1441 3058 1499 3122; x_wconf 87' lang='lat' dir='ltr'><strong>des</strong></span> 
     </span>
     <span class='ocr_line' id='line_1_25' title="bbox 359 3167 1499 3254; baseline -0.002 -19"><span class='ocrx_word' id='word_1_192' title='bbox 359 3167 1005 3253; x_wconf 76' lang='lat' dir='ltr'><strong>Friedrich-wilhelme·Gymnasiums</strong></span> <span class='ocrx_word' id='word_1_193' title='bbox 1034 3189 1074 3231; x_wconf 79' lang='lat' dir='ltr'><strong>au</strong></span> <span class='ocrx_word' id='word_1_194' title='bbox 1098 3168 1180 3233; x_wconf 79' lang='lat' dir='ltr'><strong>coln</strong></span> <span class='ocrx_word' id='word_1_195' title='bbox 1211 3170 1293 3234; x_wconf 79' lang='lat'>1857</span> <span class='ocrx_word' id='word_1_196' title='bbox 1317 3177 1350 3232; x_wconf 91' lang='lat' dir='ltr'><strong>et</strong></span> <span class='ocrx_word' id='word_1_197' title='bbox 1375 3168 1499 3254; x_wconf 83' lang='lat'>1859“)</span> 
     </span>
     <span class='ocr_line' id='line_1_26' title="bbox 360 3277 1500 3365; baseline -0.002 -19"><span class='ocrx_word' id='word_1_198' title='bbox 360 3289 429 3346; x_wconf 91' lang='lat' dir='ltr'><strong>tum</strong></span> <span class='ocrx_word' id='word_1_199' title='bbox 466 3280 578 3346; x_wconf 89' lang='lat' dir='ltr'><strong>subtili</strong></span> <span class='ocrx_word' id='word_1_200' title='bbox 606 3279 786 3362; x_wconf 60' lang='lat' dir='ltr'><strong>Woelfflin&amp;</strong></span> <span class='ocrx_word' id='word_1_201' title='bbox 815 3297 917 3365; x_wconf 87' lang='lat' dir='ltr'><strong>opera</strong></span> <span class='ocrx_word' id='word_1_202' title='bbox 945 3277 1047 3344; x_wconf 89' lang='lat' dir='ltr'><strong>semel</strong></span> <span class='ocrx_word' id='word_1_203' title='bbox 1079 3279 1252 3363; x_wconf 89' lang='lat' dir='ltr'><strong>probatum</strong></span> <span class='ocrx_word' id='word_1_204' title='bbox 1287 3288 1338 3345; x_wconf 90' lang='lat' dir='ltr'><strong>est</strong></span> <span class='ocrx_word' id='word_1_205' title='bbox 1377 3279 1500 3345; x_wconf 90' lang='lat' dir='ltr'><strong>nullum</strong></span> 
     </span>
     <span class='ocr_line' id='line_1_27' title="bbox 361 3389 1103 3476; baseline -0.009 -16"><span class='ocrx_word' id='word_1_206' title='bbox 361 3393 459 3460; x_wconf 89' lang='lat' dir='ltr'><strong>alium</strong></span> <span class='ocrx_word' id='word_1_207' title='bbox 480 3401 647 3459; x_wconf 88' lang='lat' dir='ltr'><strong>auctorem</strong></span> <span class='ocrx_word' id='word_1_208' title='bbox 671 3413 745 3457; x_wconf 87' lang='lat' dir='ltr'><strong>esse</strong></span> <span class='ocrx_word' id='word_1_209' title='bbox 768 3389 1039 3476; x_wconf 85' lang='lat' dir='ltr'><strong>quamTacitum</strong></span> <span class='ocrx_word' id='word_1_210' title='bbox 1053 3389 1103 3473; x_wconf 76' lang='lat'><strong>¹³).</strong></span> 
     </span>
    </p>
   </div>
   <div class='ocr_carea' id='block_1_4' title="bbox 944 3575 1499 3586">
    <p class='ocr_par' dir='ltr' id='par_1_6' title="bbox 944 3575 1499 3586">
     <span class='ocr_line' id='line_1_28' title="bbox 944 3575 1499 3586; baseline -0.004 0"><span class='ocrx_word' id='word_1_211' title='bbox 944 3577 1189 3586; x_wconf 55' lang='lat' dir='ltr'><strong>n—-u-——n-——n--a—-n</strong></span> <span class='ocrx_word' id='word_1_212' title='bbox 1429 3575 1499 3584; x_wconf 71' lang='grc' dir='ltr'><strong>-ιι-ιιι</strong></span> 
     </span>
    </p>
   </div>
   <div class='ocr_carea' id='block_1_5' title="bbox 360 3659 1503 4483">
    <p class='ocr_par' dir='ltr' id='par_1_7' title="bbox 360 3659 1502 4296">
     <span class='ocr_line' id='line_1_29' title="bbox 361 3659 1501 3726; baseline -0.003 -13"><span class='ocrx_word' id='word_1_213' title='bbox 361 3661 475 3713; x_wconf 83' lang='lat' dir='ltr'><strong>Senecio</strong></span> <span class='ocrx_word' id='word_1_214' title='bbox 494 3659 636 3726; x_wconf 77' lang='lat' dir='ltr'><strong>pertudit),</strong></span> <span class='ocrx_word' id='word_1_215' title='bbox 655 3676 686 3712; x_wconf 90' lang='lat' dir='ltr'><strong>so</strong></span> <span class='ocrx_word' id='word_1_216' title='bbox 705 3660 768 3711; x_wconf 84' lang='lat' dir='ltr'><strong>dass</strong></span> <span class='ocrx_word' id='word_1_217' title='bbox 787 3661 830 3712; x_wconf 88' lang='lat' dir='ltr'><strong>die</strong></span> <span class='ocrx_word' id='word_1_218' title='bbox 849 3661 1009 3726; x_wconf 80' lang='lat' dir='ltr'><strong>awingende</strong></span> <span class='ocrx_word' id='word_1_219' title='bbox 1028 3661 1121 3712; x_wconf 86' lang='lat' dir='ltr'><strong>Macbt</strong></span> <span class='ocrx_word' id='word_1_220' title='bbox 1139 3659 1188 3712; x_wconf 85' lang='lat' dir='ltr'><strong>der</strong></span> <span class='ocrx_word' id='word_1_221' title='bbox 1200 3659 1351 3711; x_wconf 79' lang='lat' dir='ltr'><strong>Umsttnde</strong></span> <span class='ocrx_word' id='word_1_222' title='bbox 1362 3661 1415 3710; x_wconf 74' lang='lat' dir='ltr'><strong>ihu</strong></span> <span class='ocrx_word' id='word_1_223' title='bbox 1434 3661 1501 3712; x_wconf 85' lang='lat' dir='ltr'><strong>iiber</strong></span> 
     </span>
     <span class='ocr_line' id='line_1_30' title="bbox 361 3752 1500 3820; baseline -0.003 -13"><span class='ocrx_word' id='word_1_224' title='bbox 361 3755 404 3807; x_wconf 87' lang='lat' dir='ltr'><strong>dle</strong></span> <span class='ocrx_word' id='word_1_225' title='bbox 416 3754 521 3808; x_wconf 82' lang='lat' dir='ltr'><strong>Grenze</strong></span> <span class='ocrx_word' id='word_1_226' title='bbox 534 3753 848 3820; x_wconf 81' lang='lat' dir='ltr'><strong>stummerlissignation</strong></span> <span class='ocrx_word' id='word_1_227' title='bbox 866 3753 936 3803; x_wconf 88' lang='lat' dir='ltr'><strong>noch</strong></span> <span class='ocrx_word' id='word_1_228' title='bbox 955 3754 1193 3820; x_wconf 81' lang='lat' dir='ltr'><strong>binausgetrieben</strong></span> <span class='ocrx_word' id='word_1_229' title='bbox 1211 3769 1245 3805; x_wconf 81' lang='lat' dir='ltr'><strong>nu</strong></span> <span class='ocrx_word' id='word_1_230' title='bbox 1263 3753 1352 3804; x_wconf 82' lang='lat' dir='ltr'><strong>baben</strong></span> <span class='ocrx_word' id='word_1_231' title='bbox 1370 3752 1500 3805; x_wconf 82' lang='lat' dir='ltr'><strong>schcint“.</strong></span> 
     </span>
     <span class='ocr_line' id='line_1_31' title="bbox 361 3847 1501 3917; baseline 0 -17"><span class='ocrx_word' id='word_1_232' title='bbox 361 3847 466 3917; x_wconf 71' lang='lat' dir='ltr'><strong>(Pauly</strong></span> <span class='ocrx_word' id='word_1_233' title='bbox 475 3847 742 3917; x_wconf 77' lang='lat' dir='ltr'><strong>,nen-uncyclop.“</strong></span> <span class='ocrx_word' id='word_1_234' title='bbox 761 3849 815 3900; x_wconf 85' lang='lat' dir='ltr'><strong>vol.</strong></span> <span class='ocrx_word' id='word_1_235' title='bbox 826 3847 873 3898; x_wconf 85' lang='lat' dir='ltr'><strong>Vl.</strong></span> <span class='ocrx_word' id='word_1_236' title='bbox 887 3861 913 3912; x_wconf 92' lang='lat' dir='ltr'><strong>p.</strong></span> <span class='ocrx_word' id='word_1_237' title='bbox 930 3847 1026 3913; x_wconf 55' lang='lat' dir='ltr'><strong>ibon).</strong></span> <span class='ocrx_word' id='word_1_238' title='bbox 1045 3847 1179 3912; x_wconf 78' lang='lat' dir='ltr'><strong>liquidem</strong></span> <span class='ocrx_word' id='word_1_239' title='bbox 1192 3851 1312 3914; x_wconf 74' lang='lat' dir='ltr'><strong>cogitare</strong></span> <span class='ocrx_word' id='word_1_240' title='bbox 1323 3862 1377 3898; x_wconf 91' lang='lat' dir='ltr'><strong>non</strong></span> <span class='ocrx_word' id='word_1_241' title='bbox 1389 3863 1501 3913; x_wconf 85' lang='lat' dir='ltr'><strong>possum</strong></span> 
     </span>
     <span class='ocr_line' id='line_1_32' title="bbox 361 3943 1500 4010; baseline -0.001 -14"><span class='ocrx_word' id='word_1_242' title='bbox 361 3947 485 3998; x_wconf 80' lang='lat' dir='ltr'><strong>Tacitum</strong></span> <span class='ocrx_word' id='word_1_243' title='bbox 503 3949 579 3995; x_wconf 79' lang='lat' dir='ltr'><strong>tanto</strong></span> <span class='ocrx_word' id='word_1_244' title='bbox 598 3959 680 4010; x_wconf 85' lang='lat' dir='ltr'><strong>opere</strong></span> <span class='ocrx_word' id='word_1_245' title='bbox 698 3946 742 3994; x_wconf 87' lang='lat' dir='ltr'><strong>sui</strong></span> <span class='ocrx_word' id='word_1_246' title='bbox 759 3943 874 3994; x_wconf 86' lang='lat' dir='ltr'><strong>oblitum</strong></span> <span class='ocrx_word' id='word_1_247' title='bbox 891 3957 1021 4007; x_wconf 84' lang='lat' dir='ltr'><strong>umquam</strong></span> <span class='ocrx_word' id='word_1_248' title='bbox 1039 3957 1115 4008; x_wconf 87' lang='lat' dir='ltr'><strong>esse,</strong></span> <span class='ocrx_word' id='word_1_249' title='bbox 1133 3947 1165 3994; x_wconf 87' lang='lat' dir='ltr'><strong>ut</strong></span> <span class='ocrx_word' id='word_1_250' title='bbox 1182 3944 1356 3996; x_wconf 76' lang='lat' dir='ltr'><strong>foedisslmea</strong></span> <span class='ocrx_word' id='word_1_251' title='bbox 1374 3945 1500 3996; x_wconf 80' lang='lat' dir='ltr'><strong>domina·</strong></span> 
     </span>
     <span class='ocr_line' id='line_1_33' title="bbox 360 4038 1502 4105; baseline 0 -15"><span class='ocrx_word' id='word_1_252' title='bbox 360 4041 442 4090; x_wconf 86' lang='lat' dir='ltr'><strong>tionis</strong></span> <span class='ocrx_word' id='word_1_253' title='bbox 465 4044 602 4105; x_wconf 77' lang='lat' dir='ltr'><strong>tamquam</strong></span> <span class='ocrx_word' id='word_1_254' title='bbox 624 4043 832 4092; x_wconf 71' lang='lat' dir='ltr'><strong>mouumentum</strong></span> <span class='ocrx_word' id='word_1_255' title='bbox 856 4052 919 4090; x_wconf 82' lang='lat' dir='ltr'><strong>sese</strong></span> <span class='ocrx_word' id='word_1_256' title='bbox 941 4039 1092 4104; x_wconf 86' lang='lat' dir='ltr'><strong>praeberet</strong></span> <span class='ocrx_word' id='word_1_257' title='bbox 1128 4038 1199 4090; x_wconf 82' lang='lat' dir='ltr'><strong>Tum</strong></span> <span class='ocrx_word' id='word_1_258' title='bbox 1222 4053 1289 4090; x_wconf 84' lang='lat' dir='ltr'><strong>vern</strong></span> <span class='ocrx_word' id='word_1_259' title='bbox 1312 4039 1390 4090; x_wconf 89' lang='lat' dir='ltr'><strong>locus</strong></span> <span class='ocrx_word' id='word_1_260' title='bbox 1418 4053 1502 4105; x_wconf 78' lang='lat' dir='ltr'><strong>supra</strong></span> 
     </span>
     <span class='ocr_line' id='line_1_34' title="bbox 360 4134 1501 4200; baseline -0.002 -14"><span class='ocrx_word' id='word_1_261' title='bbox 360 4135 489 4188; x_wconf 80' lang='lat' dir='ltr'><strong>laudatus</strong></span> <span class='ocrx_word' id='word_1_262' title='bbox 505 4135 573 4186; x_wconf 86' lang='lat' dir='ltr'><strong>nihil</strong></span> <span class='ocrx_word' id='word_1_263' title='bbox 596 4136 710 4200; x_wconf 80' lang='lat' dir='ltr'><strong>probat,</strong></span> <span class='ocrx_word' id='word_1_264' title='bbox 734 4134 807 4199; x_wconf 87' lang='lat' dir='ltr'><strong>quod</strong></span> <span class='ocrx_word' id='word_1_265' title='bbox 825 4135 977 4186; x_wconf 84' lang='lat' dir='ltr'><strong>coloratus</strong></span> <span class='ocrx_word' id='word_1_266' title='bbox 995 4134 1139 4186; x_wconf 74' lang='lat' dir='ltr'><strong>manifesto</strong></span> <span class='ocrx_word' id='word_1_267' title='bbox 1159 4135 1295 4186; x_wconf 80' lang='lat' dir='ltr'><strong>oratorius</strong></span> <span class='ocrx_word' id='word_1_268' title='bbox 1313 4134 1394 4186; x_wconf 80' lang='lat' dir='ltr'><strong>altam</strong></span> <span class='ocrx_word' id='word_1_269' title='bbox 1413 4135 1501 4186; x_wconf 82' lang='lat' dir='ltr'><strong>inter-</strong></span> 
     </span>
     <span class='ocr_line' id='line_1_35' title="bbox 361 4228 1221 4296; baseline -0.005 -14"><span class='ocrx_word' id='word_1_270' title='bbox 361 4233 542 4296; x_wconf 82' lang='lat' dir='ltr'><strong>pretationem</strong></span> <span class='ocrx_word' id='word_1_271' title='bbox 560 4243 614 4280; x_wconf 88' lang='lat' dir='ltr'><strong>non</strong></span> <span class='ocrx_word' id='word_1_272' title='bbox 631 4228 712 4280; x_wconf 87' lang='lat' dir='ltr'><strong>modo</strong></span> <span class='ocrx_word' id='word_1_273' title='bbox 730 4231 877 4294; x_wconf 85' lang='lat' dir='ltr'><strong>permittit,</strong></span> <span class='ocrx_word' id='word_1_274' title='bbox 895 4243 990 4280; x_wconf 82' lang='lat' dir='ltr'><strong>verum</strong></span> <span class='ocrx_word' id='word_1_275' title='bbox 1009 4231 1091 4280; x_wconf 83' lang='lat' dir='ltr'><strong>etiam</strong></span> <span class='ocrx_word' id='word_1_276' title='bbox 1108 4228 1221 4293; x_wconf 78' lang='lat' dir='ltr'><strong>flagitat</strong></span> 
     </span>
    </p>

    <p class='ocr_par' dir='ltr' id='par_1_8' title="bbox 361 4321 1503 4483">
     <span class='ocr_line' id='line_1_36' title="bbox 449 4321 1501 4391; baseline -0.007 -12"><span class='ocrx_word' id='word_1_277' title='bbox 449 4322 483 4391; x_wconf 79' lang='lat'><strong>¹&#39;)</strong></span> <span class='ocrx_word' id='word_1_278' title='bbox 500 4321 656 4378; x_wconf 61' lang='lat' dir='ltr'><strong>amadus</strong></span> <span class='ocrx_word' id='word_1_279' title='bbox 673 4323 799 4391; x_wconf 78' lang='lat' dir='ltr'><strong>(„Einlge</strong></span> <span class='ocrx_word' id='word_1_280' title='bbox 813 4324 1020 4388; x_wconf 78' lang='lat' dir='ltr'><strong>Bemeriungen</strong></span> <span class='ocrx_word' id='word_1_281' title='bbox 1038 4324 1107 4374; x_wconf 86' lang='lat' dir='ltr'><strong>iiber</strong></span> <span class='ocrx_word' id='word_1_282' title='bbox 1124 4323 1177 4374; x_wconf 87' lang='lat' dir='ltr'><strong>den</strong></span> <span class='ocrx_word' id='word_1_283' title='bbox 1196 4323 1322 4388; x_wconf 74' lang='lat' dir='ltr'><strong>dialogus</strong></span> <span class='ocrx_word' id='word_1_284' title='bbox 1334 4321 1369 4373; x_wconf 82' lang='lat' dir='ltr'><strong>(le</strong></span> <span class='ocrx_word' id='word_1_285' title='bbox 1381 4325 1501 4374; x_wconf 76' lang='lat' dir='ltr'><strong>oratori-</strong></span> 
     </span>
     <span class='ocr_line' id='line_1_37' title="bbox 361 4414 1503 4483; baseline -0.002 -11"><span class='ocrx_word' id='word_1_286' title='bbox 361 4420 430 4472; x_wconf 80' lang='lat' dir='ltr'><strong>bns“</strong></span> <span class='ocrx_word' id='word_1_287' title='bbox 447 4417 507 4474; x_wconf 76' lang='lat' dir='ltr'><strong>Eos</strong></span> <span class='ocrx_word' id='word_1_288' title='bbox 523 4417 544 4468; x_wconf 78' lang='lat' dir='ltr'><strong>t</strong></span> <span class='ocrx_word' id='word_1_289' title='bbox 562 4433 589 4482; x_wconf 84' lang='lat' dir='ltr'><strong>p.</strong></span> <span class='ocrx_word' id='word_1_290' title='bbox 608 4419 625 4470; x_wconf 82' lang='grc'><strong>6</strong></span> <span class='ocrx_word' id='word_1_291' title='bbox 643 4417 714 4482; x_wconf 85' lang='lat' dir='ltr'><strong>sqq.)</strong></span> <span class='ocrx_word' id='word_1_292' title='bbox 732 4419 871 4483; x_wconf 79' lang='lat' dir='ltr'><strong>ingeniose</strong></span> <span class='ocrx_word' id='word_1_293' title='bbox 894 4421 988 4468; x_wconf 87' lang='lat' dir='ltr'><strong>monet</strong></span> <span class='ocrx_word' id='word_1_294' title='bbox 1006 4419 1076 4482; x_wconf 77' lang='lat' dir='ltr'><strong>„wie</strong></span> <span class='ocrx_word' id='word_1_295' title='bbox 1099 4415 1163 4468; x_wconf 87' lang='lat' dir='ltr'><strong>sehr</strong></span> <span class='ocrx_word' id='word_1_296' title='bbox 1186 4416 1230 4466; x_wconf 86' lang='lat' dir='ltr'><strong>dle</strong></span> <span class='ocrx_word' id='word_1_297' title='bbox 1247 4415 1301 4468; x_wconf 80' lang='lat' dir='ltr'><strong>Art</strong></span> <span class='ocrx_word' id='word_1_298' title='bbox 1322 4414 1378 4466; x_wconf 83' lang='lat' dir='ltr'><strong>und</strong></span> <span class='ocrx_word' id='word_1_299' title='bbox 1395 4416 1503 4480; x_wconf 71' lang='lat' dir='ltr'><strong>waso,</strong></span> 
     </span>
    </p>
   </div>
   <div class='ocr_carea' id='block_1_6' title="bbox 0 0 1777 5374">
    <p class='ocr_par' dir='ltr' id='par_1_9' title="bbox 0 0 1777 5374">
     <span class='ocr_line' id='line_1_38' title="bbox 0 0 1777 5374; baseline 0 0"><span class='ocrx_word' id='word_1_300' title='bbox 0 0 1777 5374; x_wconf 95' lang='lat' dir='ltr'><strong> </strong></span> 
     </span>
    </p>
   </div>
  </div>
 </body>
</html>
