3530 5374
1252 532 1293 597 55

162 710 318 771 fluminum
339 711 372 771 in
405 731 561 775 oceanum
585 711 772 772 exeuntium
804 710 933 772 nomina
955 708 1064 772 Albim
1087 725 1219 790 quoque
1241 707 1306 768 in·¹
1394 709 1395 716 ’

161 812 311 886 venimus.
357 819 469 886 Solum
492 843 608 886 nornen
633 821 730 898 etiam
753 819 836 882 Melo
858 817 932 899 (ΙΙΙ,
955 818 998 900 3.)
1023 816 1142 902 prodit.

240 957 414 1039 Hercyniae
442 957 535 1022 siluae
565 961 693 1021 nomine
716 963 846 1021 veteres
871 957 976 1019 omnia
999 953 1195 1018 Germaniae
1217 955 1294 1038 iuga

160 1069 322 1154 saltusque
353 1079 443 1134 trans
473 1070 658 1135 Danubium
683 1067 1020 1154 comprehendebant3
1051 1067 1142 1130 velut
1166 1065 1293 1146 Caesar,

160 1185 212 1265 qui
245 1184 314 1246 eins
348 1179 549 1246 latitudinem
585 1201 701 1244 novem
735 1177 860 1244 diarum
893 1181 957 1243 iter
989 1175 1145 1262 expedito
1179 1186 1294 1264 patere

159 1301 280 1372 narrat,
304 1313 410 1375 neque
435 1311 630 1375 quemquam
656 1313 727 1356 esse
757 1291 812 1374 qui
836 1311 872 1354 se
894 1297 951 1354 aut
972 1287 1081 1353 adisse
1104 1287 1145 1352 ad
1168 1291 1294 1352 initium

160 1407 224 1468 eius
247 1404 350 1469 silvae
372 1403 469 1481 dicat,
492 1425 564 1466 curn
587 1401 711 1466 dierum
728 1403 791 1466 iter
809 1403 981 1487 sexaginta
998 1397 1204 1485 processerit,
1227 1408 1293 1478 aut,

159 1537 220 1599 quo
243 1535 285 1578 ex
298 1514 370 1579 loco
389 1515 521 1595 oriatur,
545 1514 710 1598 acceperit
721 1509 771 1596 (B.
785 1509 824 1575 G.
837 1509 895 1592 Vl,
908 1511 989 1594 25.);
1013 1532 1053 1575 ac
1067 1507 1151 1573 Melo
1162 1507 1237 1592 (ΙΙΙ,
1248 1511 1293 1592 3.)

156 1633 266 1712 aperte
290 1623 464 1691 Caesarem
487 1633 619 1689 secutus
643 1623 779 1688 eandem
805 1621 1057 1708 magnitudinem
1081 1623 1167 1686 illins
1190 1621 1293 1687 silvae

157 1737 265 1801 refert.
307 1735 400 1800 Idem
431 1745 520 1800 certe
551 1734 593 1801 de
621 1733 788 1820 Hercynia
817 1735 900 1799 silva
929 1737 1053 1822 cogitat
1075 1731 1204 1814 Strabo,
1238 1735 1294 1818 qui

156 1846 240 1934 apud
264 1869 334 1912 eam
364 1845 549 1912 Danubium
577 1849 667 1912 nasci
696 1850 730 1912 in
760 1869 864 1932 eaque
895 1845 1023 1912 Suebos
1056 1847 1156 1912 Boios
1190 1847 1293 1911 Getas

156 1959 300 2024 habitare
323 1957 402 2024 dicit
424 1959 482 2042 (cf.
505 1957 564 2038 IV,
588 1959 617 2038 5,
642 1961 670 2022 9.
692 1981 724 2043 p.
748 1961 829 2038 207;
853 1957 928 2042 Vll,
953 1962 981 2041 1,
1005 1961 1034 2023 3.
1056 1982 1087 2044 p.
1111 1961 1189 2038 2903
1216 1961 1243 2037 l,
1264 1959 1292 2022 5.

155 2095 185 2156 p.
208 2071 285 2152 2923
316 2069 346 2146 Ι,
369 2071 397 2133 2.
420 2091 451 2155 p.
475 2069 555 2149 2933
587 2071 617 2151 3,
643 2072 669 2133 1.
692 2091 722 2154 p.
746 2070 851 2156 295),
882 2079 915 2135 et
936 2073 1009 2155 ipse
1030 2067 1152 2133 Plinius
1174 2069 1227 2153 (N.
1251 2067 1293 2133 H.

155 2182 212 2263 IV,
236 2183 285 2246 80.
311 2182 390 2264 1003
415 2181 456 2245 cf.
480 2181 527 2262 X,
553 2181 629 2264 1323
652 2180 749 2256 XVI,
774 2183 826 2264 6.).
871 2179 988 2265 Neque
1011 2183 1106 2246 aliter
1129 2204 1200 2247 eam
1223 2181 1292 2246 Ta-

156 2296 237 2358 citus
259 2293 432 2370 intellexit,
458 2293 546 2377 quod
570 2315 597 2357 c.
612 2293 661 2356 28.
684 2292 857 2357 Helvetios
880 2294 965 2357 intra
976 2293 1126 2357 Rhenum
1139 2293 1293 2357 Moenum

154 2405 351 2488 Hercyniam
374 2405 490 2469 silvam
513 2405 679 2470 habitasse
704 2413 803 2489 atque
826 2407 858 2467 in
875 2403 988 2468 eadem
1007 2404 1090 2468 silva
1102 2403 1295 2470 Chattorum

156 2537 286 2600 quoque
310 2517 405 2581 sedes
429 2517 531 2581 inisse
561 2528 588 2579 c.
612 2518 662 2581 30.
693 2517 860 2580 contendit
880 2513 950 2598 199);
977 2515 1078 2600 idque
1106 2525 1196 2580 tanto
1225 2518 1295 2579 veri

154 2625 290 2690 similius
316 2634 376 2707 est,
401 2625 489 2710 quod
512 2637 644 2711 praeter
667 2647 737 2690 eam
760 2625 866 2690 nullos
879 2626 1075 2691 Germaniae
1087 2635 1214 2690 montes
1229 2647 1294 2690 uno

152 2737 294 2802 Abnoba
317 2746 458 2824 excepto
479 2737 521 2823 (c.
537 2737 580 2820 1.)
598 2729 752 2802 nominat.
776 2737 813 2800 ln
836 2738 1007 2802 annalibus
1031 2736 1159 2801 demum
1183 2737 1223 2820 (Ι,
1236 2739 1294 2820 56;

152 2847 234 2928 XII,
247 2851 311 2931 28.)
330 2847 522 2914 Chattorum
544 2851 576 2912 in
599 2857 688 2912 terra
710 2851 803 2914 mons
826 2847 969 2929 Taunus,
994 2869 1089 2932 quem
1113 2853 1185 2912 cuin
1201 2849 1295 2912 Rhe-

151 2963 260 3024 ticonc
284 2959 367 3023 Melo
390 2959 472 3044 (ΙΙΙ,
495 2963 537 3043 3.)
561 2961 752 3026 altissimum
776 2957 972 3026 Germaniae
996 2983 1070 3030 esse
1104 2959 1241 3039 iudicat,
1275 2982 1295 3024 a

151 3070 269 3134 Tacito
292 3082 578 3154 commemoratnr;
612 3071 698 3136 unde
730 3093 802 3136 eum
827 3093 958 3156 quoque
985 3081 1128 3136 montem
1150 3075 1183 3134 in
1210 3069 1311 3135 libro'

150 3180 192 3244 de
207 3181 383 3246 Germania
406 3186 527 3268 scripto
550 3183 633 3248 silva
651 3183 820 3267 Hercynia
842 3180 1115 3268 comprehensum
1133 3204 1205 3248 esse
1230 3205 1294 3247 non

148 3301 275 3358 temere
299 3297 509 3379 suspicamur.

166 3479 168 3484 ·
239 3439 322 3504 Tum
345 3440 387 3505 de
409 3444 564 3506 universa
586 3448 686 3506 terroe
709 3448 822 3506 natura
853 3440 940 3504 idem
963 3440 1052 3524 quod
1075 3439 1209 3508 Tacitus
1234 3443 1294 3526 (cc.

150 3555 180 3615 2.
194 3552 237 3632 5.)
260 3561 380 3635 narrat,
404 3555 501 3618 etiam
524 3553 739 3638 apudMelcm
761 3552 834 3636 (ΙΙΙ,
849 3552 891 3634 3.)
915 3552 1070 3638 legimus:
1096 3559 1202 3636 ,terra
1222 3555 1296 3638 ipsa

146 3665 261 3729 multis
284 3663 440 3750 impedita
462 3665 657 3745 fluminibuS,
680 3665 790 3728 multis
802 3664 965 3728 montibus
978 3685 1106 3749 aspera,
1131 3671 1295 3750 etmagna

147 3800 193 3842 ex
219 3786 313 3862 parte
337 3776 428 3842 silvis
452 3797 491 3840 ac
512 3776 686 3861 paludibus
709 3777 825 3841 invia.“
873 3776 981 3842 Silvas
1009 3777 1168 3861 Hercynii
1191 3775 1294 3839 saltus

147 3991 974 4002 ffl--v—mffl—u--w-
978 3995 1286 4003 ...m-m

238 4140 284 4205 ¹²⁹)
302 4139 344 4191 Gi.
356 4138 448 4192 Zacca.
467 4142 484 4190 l.
502 4141 519 4191 l.
538 4155 564 4205 p.
575 4141 590 4190 2
603 4154 659 4204 sqq.
678 4140 809 4190 Nonnulli
827 4141 900 4204 apud
910 4141 1035 4190 Tacitum
1053 4143 1142 4190 certos
1160 4139 1294 4202 quosdam

144 4220 258 4287 montes
277 4236 430 4301 Hercyniae
455 4236 541 4286 silvae
558 4235 694 4285 vocabulo
722 4234 868 4299 significari
890 4235 1068 4298 arbitrantur,
1095 4237 1126 4284 ut
1143 4233 1290 4284 Bobemiae

143 4335 257 4380 montes
275 4345 297 4381 c.
317 4331 368 4394 28,
387 4331 486 4380 saltum
504 4343 584 4394 quem
601 4344 674 4380 nunc
691 4328 845 4381 Odenwald
863 4343 994 4380 vocamus
1020 4335 1048 4380 et
1065 4330 1190 4380 Taunum
1209 4341 1230 4376 c.
1250 4329 1291 4378 30.

144 4423 205 4476 Sec
225 4439 259 4476 ea
276 4425 367 4490 opinio
385 4427 439 4476 illis
457 4427 540 4490 locis,
559 4425 658 4490 quibus
675 4439 729 4473 non
748 4425 834 4475 silvae
852 4424 1008 4488 Hercyniae
1026 4424 1075 4476 sed
1093 4425 1214 4490 gentium
1232 4436 1294 4474 eam

146 4519 329 4570 incolentium
348 4521 454 4570 termini
472 4519 653 4584 declarantur,
672 4521 779 4568 minime
797 4520 876 4568 inniti
892 4522 992 4583 puteat.
