3484 5374
350 506 412 570 120

347 679 528 771 capitalibus
560 682 650 746 retae
680 683 884 766 amassem
924 687 1161 767 omerscteidet,
1196 709 1231 751 so
1260 689 1408 752 nscmiot
1439 689 1487 754 tei

353 789 451 854 Varro
467 793 501 854 in
516 793 576 856 den
592 797 852 860 uaterstrioteoen
864 795 1045 882 werram)
1063 799 1197 864 darselbe
1214 801 1363 864 socldiclre
1378 800 1486 864 Ueter-

348 902 451 966 scbied
470 905 600 970 indireet
628 907 836 987 oopedeutet.“
881 907 1005 972 Verum
1030 909 1091 974 hae
1114 932 1178 976 non
1201 911 1312 976 solum
1327 913 1486 996 argutiae,

348 1012 408 1076 sed
430 1011 789 1103 mera'tergiversatio:
814 1023 930 1086 etenim
944 1021 1146 1107 Pomponius
1163 1031 1357 1106 quaestores
1378 1025 1486 1108 parri-

349 1130 423 1193 cidii
446 1153 510 1194 non
532 1132 695 1218 intellegit
718 1155 774 1200 eos
798 1139 854 1217 qui
876 1143 993 1218 postea
1010 1132 1236 1218 quaestionum
1255 1143 1486 1220 perpetuarum

348 1242 468 1306 iudicia
498 1245 715 1325 exercebant,
747 1245 805 1310 sed
828 1249 1053 1332 magistratum
1075 1249 1259 1332 proprium,
1289 1249 1487 1328 continuum,

348 1358 521 1436 quotannis
538 1378 558 1421 a
575 1356 696 1442 populo
716 1365 879 1440 oreatum3
903 1367 1003 1441 atque
1021 1380 1179 1444 expresse
1195 1359 1305 1423 addit:
1328 1379 1487 1442 „quorum

349 1467 446 1530 etiarn
469 1470 615 1532 meminit
637 1469 693 1533 lex
715 1467 788 1532 XII
809 1451 1031 1534 tabularum.“¹

435 1578 564 1642 Deinde
592 1591 821 1663 prorsusnon
849 1578 964 1660 video,
987 1602 1064 1665 quo
1087 1579 1184 1646 modo
1208 1580 1307 1646 Senio
1330 1580 1372 1644 ad
1395 1601 1488 1646 suem

350 1690 535 1772 opinionem
558 1689 797 1756 defendendam
820 1691 909 1756 illum
933 1691 1091 1758 Varronis
1114 1693 1220 1758 locum
1243 1693 1281 1756 L.
1297 1693 1336 1756 L.
1359 1689 1416 1774 VI,
1437 1695 1487 1757 90.

349 1801 399 1864 91.
423 1802 473 1866 93.
499 1803 708 1866 -nimirum
736 1803 836 1867 solis
863 1807 1042 1868 numeris
1064 1841 1103 1852 -
1132 1803 1266 1868 laudare
1302 1825 1404 1869 ausus
1436 1807 1487 1869 sit.

349 1909 434 1974 Nam
457 1911 509 1975 hic
531 1915 602 1996 ipse
625 1913 734 1990 locus,
765 1924 801 1978 ut
822 1935 922 1999 supra
943 1917 1007 1979 iem
1030 1915 1190 1996 diximus,
1221 1919 1415 2000 gravissimo
1437 1924 1489 1980 est

349 2021 545 2088 documento
567 2022 749 2088 Varronem
772 2033 981 2107 quaesturam
1003 2026 1044 2089 ab
1068 2028 1192 2111 origine
1214 2047 1274 2111 pro
1287 2017 1489 2111 ¹magistratu

349 2153 432 2214 uno,
469 2137 525 2217 qui
554 2143 587 2199 et
618 2138 828 2218 quaestiones
865 2136 1023 2220 capitales
1053 2146 1226 2202 exerceret
1262 2145 1295 2202 et
1326 2139 1487 2203 aerarium

350 2245 607 2328 administraret,
631 2268 736 2330 eoque
757 2256 919 2333 perpetuo
943 2257 976 2314 et
997 2269 1104 2314 annuo
1126 2249 1289 2316 habuisse.

436 2355 575 2422 Accedit
594 2357 684 2442 quod
697 2358 801 2424 Varro
821 2361 1060 2432 triumvirorum
1074 2359 1260 2444 capitalium
1272 2360 1376 2426 fuisse
1386 2361 1489 2426 refert

350 2467 530 2549 conquirere
545 2469 709 2548 maleficio,
733 2471 933 2552 Pomponius
949 2467 977 2553 ᾖ.
993 2470 1043 2534 30.
1060 2469 1102 2533 de
1121 2469 1177 2533 illo
1196 2473 1388 2552 magistratu
1405 2472 1488 2536 haee

350 2578 479 2642 scribit:
504 2581 577 2661 „qui
598 2581 732 2644 maceria
753 2581 921 2644 custodium
943 2581 1172 2660 haberentet,
1196 2601 1266 2644 cunr
1287 2583 1490 2646 omnmdocrti

352 2695 519 2772 oporteret,
542 2691 714 2774 interemta
736 2709 842 2754 eorum
854 2691 976 2770 fieret.“

437 2799 489 2865 Ne
511 2801 627 2864 multa:
659 2823 745 2884 quae
767 2801 954 2884 Pomponius
982 2801 1023 2866 de
1052 2809 1229 2885 quaestura
1252 2802 1416 2884 rebusque
1446 2802 1487 2867 ad

352 2933 423 2976 eam
444 2913 681 2996 pertinentibus
701 2912 817 2994 tradit,
841 2915 970 2981 omnino
994 2915 1157 2978 contraria
1177 2921 1253 2978 sunt
1274 2915 1314 2979 iis
1336 2935 1422 2997 quae
1445 2933 1488 2978 ex

352 3024 501 3090 Varrone
525 3023 566 3090 de
590 3046 629 3090 ea
651 3033 852 3110 compertum
875 3025 1042 3090 babemus.
1094 3101 1096 3110 s

437 3136 488 3200 Ac
504 3135 609 3199 'lbedo
633 3157 704 3198 cum
716 3134 865 3200 Varrone
889 3136 952 3200 hoc
974 3137 1143 3216 convenit,
1167 3134 1256 3218 quod
1279 3144 1488 3218 quaesturam

349 3271 447 3313 unum
476 3253 700 3336 magistratum
732 3251 835 3316 fuisse
864 3259 896 3314 et
918 3252 990 3333 ipse
1014 3251 1198 3328 existimat3
1233 3248 1266 3312 id
1289 3270 1370 3314 vero
1390 3269 1488 3312 unum

348 3372 521 3448 procerte
552 3366 713 3428 convenit.
758 3357 874 3426 Totius
905 3363 990 3426 enim
1013 3360 1120 3425 Taciti
1149 3355 1344 3424 narrationis
1366 3359 1489 3423 nullum

349 3474 542 3538 vocabulum
575 3474 663 3560 apud
685 3473 866 3540 Varronem
896 3474 1075 3554 invenitur,
1115 3473 1192 3534 item
1222 3470 1311 3555 apud
1338 3469 1489 3536 Tacitum

349 3584 472 3650 frustra
483 3584 696 3670 investigabis
706 3584 883 3668 quidquam
896 3604 1007 3648 eorum
1020 3601 1105 3666 quae
1117 3581 1160 3646 de
1171 3587 1347 3664 quaestura
1363 3601 1489 3646 memo-

349 3697 417 3760 riae
434 3694 579 3781 prodidit
590 3694 705 3760 Varro.
738 3695 784 3760 At
802 3695 927 3760 obiciet⁴
939 3695 1081 3760 fortasse
1093 3694 1253 3778 quispiam
1268 3714 1334 3758 non
1344 3695 1490 3758 refutare

350 3816 408 3870 erit
429 3807 606 3874 excludere
629 3827 703 3872 sese
726 3809 864 3872 invicem
876 3806 981 3870 Taciti
1003 3826 1043 3908 ec
1054 3803 1212 3868 Varronis
1234 3803 1334 3870 locos.
1369 3803 1489 3885 Recte3

351 4000 452 4008 -u—-—

440 4125 485 4192 ³¹⁹)
503 4127 581 4178 Haec
598 4131 689 4177 autem
707 4127 792 4176 verba
809 4127 882 4184 illius
904 4126 958 4176 loci
975 4123 1137 4176 varroniani
1156 4122 1198 4189 (L.
1217 4123 1247 4174 L.
1267 4121 1307 4188 V,
1332 4122 1386 4188 81.)
1411 4123 1489 4172 lineis

351 4219 495 4271 subductis
505 4222 630 4272 distinxit
639 4220 733 4272 Senio:
754 4221 935 4286 „Quaestores
955 4217 1145 4283 aquaerendo,
1164 4221 1221 4282 qui
1240 4221 1491 4282 conquirerent

352 4317 513 4382 publicas
532 4319 698 4380 pecunias
722 4320 756 4366 et
781 4316 979 4379 maleficia,
1006 4329 1075 4378 quae
1100 4315 1234 4364 triumviri
1260 4313 1393 4378 capitales
1418 4328 1490 4363 nunc

353 4413 523 4475 conquirunt,
541 4411 575 4462 ab
594 4411 636 4460 his
653 4416 792 4475 postea,
810 4412 870 4474 qui
887 4412 1137 4474 quaestionum
1156 4409 1288 4458 iudicia
1303 4411 1489 4472 ,exercent,

353 4505 519 4566 Quaestoree
538 4506 610 4556 diotl.
