3484 5374
1244 529 1287 604 tb

152 729 190 772 an
217 705 276 774 Osi
307 708 350 773 ab
379 707 549 774 Arauiscis
581 710 616 772 in
637 706 846 774 Germaniam
880 711 1180 796 commigraverint,
1214 731 1286 776 cum

154 819 263 884 eodem
284 818 392 884 adhoc
413 839 562 886 sermone
590 821 747 886 institutis
777 821 923 886 moribus
950 829 1099 904 utantur,
1127 824 1286 888 incertum

153 939 209 1012 est,
231 933 308 1015 quia
328 933 400 1016 peri
422 931 498 1014 olim
520 934 632 1016 inopia
651 953 691 996 ac
710 931 863 998 libertate
874 932 991 998 eadem
1007 933 1179 1018 utriusque
1197 935 1287 1019 ripae

151 1042 239 1108 bona
255 1043 406 1127 malaque
429 1045 565 1124 erant;“
599 1045 661 1109 hoc
683 1044 758 1112 loeo
779 1045 940 1110 affirmate
966 1044 1078 1129 „Osos
1101 1046 1289 1110 Pannonica

150 1155 258 1240 lingua
269 1155 416 1240 coarguit
432 1177 498 1220 non
512 1177 589 1221 esse
603 1153 797 1237 Germanos,
814 1155 945 1240 etqucd
959 1156 1081 1222 tributa
1091 1157 1287 1241 patiuntur.“

233 1282 346 1364 largior
368 1281 479 1347 Strabo
501 1283 590 1365 (VII,
612 1287 640 1365 1,
662 1285 691 1348 3.
714 1307 745 1370 p.
759 1283 845 1366 990.)
868 1282 950 1372 μέγα
973 1279 1073 1362 ἔθνος
1094 1293 1191 1349 vocat
1212 1283 1289 1347 Ma-

150 1393 351 1478 roboduique
373 1397 509 1480 imperio
532 1397 697 1462 subiectos
721 1417 795 1462 esse
818 1398 906 1462 dicit.
933 1395 1028 1462 Unus
1052 1415 1132 1461 vero
1154 1395 1288 1461 Tacitus

150 1507 324 1591 Lugiorum
349 1509 498 1573 civitates
522 1522 596 1574 esse
618 1509 719 1573 tradit
741 1509 871 1590 Herios,
895 1509 1100 1590 Hctueconue,
1124 1509 1288 1588 Munium,

150 1616 276 1697 liticine,
306 1617 562 1700 Nabonumutoe,
585 1619 683 1702 alios3
714 1641 799 1703 quae
821 1624 952 1686 nomina
974 1621 1046 1686 aliie
1069 1623 1182 1708 ignota
1204 1625 1288 1690 sunt

150 1729 200 1794 Ne
230 1727 336 1795 cultus
365 1730 495 1818 quidem
524 1731 829 1798 Nahanarvalorum
861 1733 1020 1800 obscurus
1042 1740 1143 1818 atque
1165 1731 1289 1798 Hario-

150 1863 219 1906 rmn
240 1839 320 1906 belli
341 1841 479 1928 gerendi
510 1846 593 1908 ratio
622 1844 664 1909 ab
691 1846 763 1910 eliis
793 1844 981 1910 auctoribus
1010 1855 1288 1912 commemoratur.

235 1970 317 2036 Tum
341 1993 359 2037 e
384 1949 568 2053 Gotonibus,
590 1973 715 2054 Remis,
738 1975 891 2040 Lamentis
914 1984 947 2040 et
971 1973 1135 2042 Suionibus
1157 1975 1198 2058 (c.
1220 1974 1287 2058 44.)

149 2093 274 2148 tantum
303 2082 452 2150 Gutones
481 2067 510 2150 a‘
523 2086 626 2150 Ptiru'o
650 2085 863 2152 Vandilorum
893 2108 970 2174 pers
999 2086 1053 2170 (N.
1076 2085 1118 2150 H.
1141 2086 1199 2170 IV,
1222 2075 1302 2169 99.)

154 2205 186 2262 et
209 2194 404 2262 Germaniae
427 2217 508 2292 gens
532 2195 732 2280 (XXXVII,
755 2198 820 2282 35.)
842 2200 1056 2266 nominantur.

165 2413 169 2420 ι
237 2325 412 2392 Aestiorum
434 2347 565 2412 quoque
588 2333 622 2392 et
645 2305 805 2392 bubonum
825 2328 955 2392 nomina
985 2326 1026 2408 (c.
1048 2325 1113 2405 45.)
1144 2346 1187 2390 ex
1215 2324 1289 2390 eolo

152 2437 267 2504 Tacito
290 2441 526 2526 cognoscimus.

236 2551 334 2616 Hunc
356 2549 498 2618 Suebiae
519 2550 617 2614 finem
640 2571 714 2616 essa
737 2548 871 2614 Tacitus
901 2549 1094 2630 arbitratum
1124 2549 1290 2613 Peucino-

150 2664 222 2728 rum
244 2663 511 2746 Venetorumque
534 2672 568 2727 et
584 2661 770 2730 Fennorum
792 2664 943 2728 nationes
965 2658 1136 2726 Germanis
1158 2657 1291 2724 anSar-

149 2778 245 2840 matis
267 2775 434 2843 adscribat
457 2773 585 2840 dubitat
606 2774 648 2857 (c
671 2773 752 2856 46.);
777 2775 936 2856 Peucinos,
959 2797 1042 2860 quos
1065 2774 1196 2858 quidam
1219 2774 1291 2838 Βο-

150 2893 273 2950 sternas
294 2895 425 2968 vocent,
448 2906 597 2951 sermone
621 2885 710 2950 cultu
733 2883 814 2952 sede
825 2906 865 2950 ac
876 2885 1048 2952 domiciliis
1059 2895 1096 2950 ut
1107 2884 1290 2952 Germanos

148 3019 261 3084 agere,
284 2984 453 3064 connubiis
475 2999 589 3062 mixtis
611 2997 756 3062 nonnihil
774 2999 808 3060 in
824 2995 1044 3062 Sarmatarum
1057 2997 1203 3068 habitum
1215 2997 1291 3063 ioe-

148 3109 221 3174 dari
242 3118 361 3174 narrat.
404 3107 650 3194 Comparandus
674 3107 860 3176 estsimilis
884 3106 1044 3172 Strabonis
1065 3107 1173 3173 locus:
1197 3113 1289 3189 „Bn-

146 3213 285 3303 οοᾶρναι
306 3215 420 3306 ὅμοροι
444 3223 631 3306 Γερμανοῖς,
653 3221 769 3299 οχεδόν
791 3241 824 3284 τι
847 3215 904 3282 καὶ
926 3210 1021 3286 αὐτοὶ
1044 3218 1102 3284 τοῦ
1124 3222 1154 3283 Γ
1149 3237 1288 3303 acunu-

146 3330 208 3402 aab
227 3328 338 3418 γένους
359 3323 465 3407 ὄντος,
494 3326 546 3408 εἰς
567 3326 673 3398 πλείω
697 3329 787 3416 φῦλα
806 3326 1020 3416 διῃρημένοι“
1052 3325 1154 3412 (VII,
1177 3327 1214 3396 3.
1239 3329 1288 3392 17.

145 3464 178 3528 p.
202 3443 297 3523 306).
341 3441 410 3510 Sed
441 3441 561 3508 Plinius
588 3450 704 3528 aperte
730 3444 767 3506 in
787 3440 959 3510 Germanis
982 3461 1040 3506 eos
1062 3440 1289 3524 numerat-(N.

146 3553 189 3618 H.
213 3553 280 3636 IV,
309 3556 360 3618 81.
387 3555 479 3637 100.).
533 3552 656 3619 Contra
689 3557 816 3640 priores
848 3574 956 3618 rerum
988 3555 1166 3640 scriptores
1199 3552 1292 3617 velut

145 3667 293 3748 Polybius
315 3665 460 3746 (XXVI,
473 3667 527 3749 9.)‚
551 3666 656 3730 Liuius
679 3665 817 3747 (XLIV,
841 3665 905 3747 26.)
930 3667 1054 3751 origine
1077 3664 1192 3730 Gallos
1216 3683 1290 3730 esee

145 3786 265 3868 putant
280 3776 340 3858 ¹⁶²).
390 3777 532 3857 Venetos,
562 3780 639 3860 quin
663 3785 697 3842 et
719 3777 833 3842 domos
857 3779 960 3864 figant
984 3786 1017 3843 et
1043 3785 1136 3842 scuta
1158 3784 1290 3864 gestent

146 3899 182 3955 et
203 3888 324 3975 pedum
346 3911 407 3954 usu
429 3909 470 3958 ae
490 3889 682 3976 pernicitate
705 3890 886 3976 gaudeant,
900 3891 998 3968 'inter
1020 3887 1210 3974 Germanos¹
1224 3909 1290 3974 po-

144 4004 213 4066 tius
241 4000 435 4068 referendos
468 4021 543 4068 essa
574 4007 688 4066 censet
716 3999 872 4072 Tacitus.
904 3999 958 4064 At.
981 4021 1059 4070 vero
1077 3999 1203 4075 ,Plinius
1231 4021 1288 4067 eos

145 4116 243 4178 iuxta
265 4112 431 4180 Sarmatas
452 4112 599 4198 appellat
628 4112 681 4192 (N.
703 4111 745 4176 H.
768 4111 826 4193 lv,
850 4113 924 4191 97).
969 4111 1070 4174 Fanni
1092 4110 1234 4193 denique
1256 4119 1290 4174 et

145 4225 279 4288 Hettteii
307 4233 341 4288 et
355 4253 358 4260 ·
372 4222 509 4288 Ouionee
541 4225 584 4289 ab
615 4245 679 4288 uno
710 4224 825 4289 Tacito
858 4225 1072 4303 nominantem
1105 4224 1168 4287 nisi
1200 4222 1288 4285 forte

235 4518 281 4586 ru)
300 4517 452 4572 orrum.
468 4519 493 4582 t,
506 4521 523 4570 1.
540 4535 569 4586 μ
588 4521 638 4572 Μ
655 4533 713 4586 UH·
