3530 5374
275 485 277 488 ·
368 440 425 557 ἰε’

368 684 440 729 nem
454 661 570 732 Tacito
592 670 734 750 ignotam
758 669 862 734 fuisse
886 691 980 733 nemo
1003 669 1141 732 dixerit:
1165 667 1319 733 sedeam
1344 669 1376 731 in
1399 676 1524 732 astro-

367 782 476 862 nomia
497 777 656 844 discenda
676 783 842 866 proprium
870 802 1002 866 operam
1032 803 1097 848 non
1120 780 1368 862 collocavisset,
1394 779 1523 844 talium

367 907 546 959 rorum'ne
576 895 713 956 scientia
736 893 866 976 quidem
895 907 1097 957 communem
1120 881 1305 975 aequalium
1329 891 1522 956 doctrinam

368 1022 524 1087 superare
541 1013 685 1089 poterat.
720 1003 838 1087 Itaque
858 1004 947 1067 illum
969 1004 1047 1090 plus·
1062 1007 1135 1068 'suis
1159 1003 1262 1068 oculis
1280 1021 1377 1087 quam
1389 1003 1522 1084 docto-f·

367 1133 449 1178 rum·
469 1115 634 1180 bominum
664 1119 834 1181 sententiis
868 1112 1024 1181 tribuisse
1059 1135 1123 1180 nen
1141 1116 1347 1180 mirabimur.
1385 1116 1521 1200 :Neque

367 1243 447 1291 vero
470 1227 574 1291 solum
587 1219 735 1292 Tacitum
760 1228 931 1293 de'terrae
953 1229 1060 1293 forma
1081 1229 1200 1291 falsum
1216 1230 1415 1312 cogitavisse
1436 1248 1519 1291 cum

368 1361 411 1402 cx
435 1339 552 1403 Seneca
575 1341 709 1422 (Natur.
733 1348 858 1424 quaest.
881 1339 930 1421 Il,
956 1343 997 1422 1.)
1021 1349 1088 1404 tum
1113 1362 1155 1404 ex
1181 1329 1285 1403 Plinio
1316 1339 1377 1424 (N.
1401 1336 1443 1402 H.
1465 1331 1518 1420 II,

369 1451 428 1514 161
454 1453 541 1533 sqq.)
571 1461 717 1536 apparet.
763 1451 980 1535 Nequaquam
1004 1454 1103 1536 igitur
1132 1454 1351 1516 necessarium
1375 1447 1443 1531 ea't,
1474 1458 1519 1514 ut

367 1571 481 1626 nostro
500 1553 841 1647 scriptori,·quamvis
864 1569 1047 1650 repugnent
1069 1563 1157 1628 clara
1174 1566 1244 1628 eius
1257 1565 1378 1646 verba,
1400 1561 1517 1628 terrae

366 1673 499 1758 globum
522 1678 616 1758 quasi
639 1676 861 1740 obtrudamus.
907 1675 973 1757 (Cf.
993 1675 1162 1738 Wulrbium
1184 1675 1264 1760 Agr.
1287 1698 1319 1760 p.
1334 1677 1397 1741 203
1420 1693 1515 1759 sqq-3

374 1784 515 1848 Wear'iun
536 1809 568 1870 p.
593 1787 689 1876 252³).
945 1805 948 1816 ’
1175 1797 1185 1808 ”
1223 1799 1226 1805 “
1330 1801 1332 1808 ⁴
1501 1775 1507 1786 ’

453 1913 761 1998 E'quibusfoatibus
772 1921 951 1982 sententiae
962 1917 1035 1982 illas
1048 1917 1144 1981 modo
1159 1919 1362 1980 examinatas
1375 1915 1514 1979 Tacitus

367 2027 529 2107 hauserit,
553 2050 625 2092 cum
644 2029 777 2093 easdem
795 2034 906 2094 omnes
925 2029 1170 2113 fere‘aequales
1187 2031 1261 2092 tuiti
1280 2029 1355 2110 sint,
1373 2027 1512 2092 arduum

369 2159 442 2204 csse
465 2139 543 2202 mihi
554 2139 687 2205 videtur
710 2139 751 2206 de
776 2165 815 2207 ea
837 2165 872 2206 rc
896 2133 1119 2225 quaestionem
1143 2151 1286 2206 mo'verc.
1318 2140 1371 2205 Ac‘
1390 2131 1511 2222 tamen,

369 2253 520 2332 quoniam
544 2254 576 2315 in
599 2253 708 2317 multis
728 2254 842 2335 reburr,
866 2264 901 2319 ut
924 2255 1055 2338 saepius
1077 2255 1162 2316 iufra
1174 2253 1374 2333 videbimus,
1396 2261 1512 2339 aperte
1547 2276 1555 2292 ·
1666 2247 1672 2264 '

368 2362 504 2425 Plinium
523 2374 655 2428 secutus
674 2376 741 2446 est,
766 2388 806 2430 ne
824 2367 876 2430 hic
888 2367 1018 2450 quidem
1041 2365 1256 2450 improbabile
1274 2365 1510 2444 essedixerim,

369 2495 454 2566 quac
477 2474 532 2537 ille
556 2475 623 2539 suo'
639 2475 712 2538 loco
736 2477 919 2562 protulerit,
944 2479 973 2541 ei
997 2476 1039 2540 ob
1063 2477 1175 2540 oculos
1199 2498 1273 2570 esse
1295 2483 1433 2539 versata.

835 2715 1040 2722 ——...-—-----

453 2899 641 2983 Postquam·
653 2902 837 2968 universam
853 2883 959 2966 Taciti
974 2901 1171 2982 doctrinam,
1190 2908 1345 2984 quantum
1357 2917 1401 2965 ax
1416 2900 1508 2964 libris

367 3013 507 3074 servatis
529 3011 675 3076 iudicare
697 3012 791 3078 nobis
813 3012 908 3094 licet,
932 3011 1242 3091 demonstravimus,
1275 3032 1421 3076 recursus
1445 3013 1509 3074 cius

367 3122 517 3186 historicis
544 3125 666 3206 sumptis
693 3121 878 3206 inser·los⁷³)
913 3127 1039 3188 ratione
1070 3125 1243 3207 temporis,
1281 3145 1348 3206 qao
1380 3122 1508 3209 singula

367 3233 457 3298 edita
478 3244 571 3318 sunt,
595 3234 707 3300 babila
729 3236 815 3300 infra
837 3233 1114 3300 enumerabimus:

822 3445 863 3508 111
885 3444 1055 3526 Agricola:

367 3599 412 3641 cc.
429 3579 564 3640 10-17.
586 3578 628 3642 de
647 3578 816 3641 Britannia
834 3600 994 3644 excursus
1012 3578 1254 3664 geographicas
1277 3579 1337 3660 (cc.
1358 3575 1508 3658 10-12.)

454 3698 487 3753 et
510 3690 684 3754 historicus
708 3691 768 3771 (cc.
784 3691 942 3772 13-17.).
1497 3693 1499 3698 '

366 3893 609 3902 *unum-...uu-
614 3891 871 3900 ----..—-.-..-.-.---
877 3889 1333 3903 -ψ-η-..α-ᾳ--ς--μ-...α-ν--ο-
1339 3889 1506 3900 -ι-αμ-ηι-α

437 4019 471 4084 l¹)
498 4015 642 4086 Teuffclr'aa
659 4019 676 4069 l.
694 4019 712 4068 l.
731 4033 757 4083 p.
775 4020 817 4069 45.
837 4019 933 4071 laudat
950 4019 1027 4070 illum
1044 4020 1135 4070 locum
1153 4018 1224 4070 Hist.
1242 4017 1278 4084 11,
1297 4018 1345 4068 60:
1373 4023 1422 4074 „ut
1440 4032 1508 4069 con-

367 4117 474 4179 quirere
499 4113 625 4165 sabulosa
643 4152 649 4164 .
668 4151 699 4165 ..
724 4116 827 4166 ausim“
853 4120 935 4180 atque
959 4115 1029 4166 haee
1054 4113 1194 4180 adiungit:
1224 4114 1320 4171 „Auch
1346 4112 1509 4165 historische

366 4209 489 4261 Excurae
507 4209 567 4260 siud
586 4207 673 4261 daher
690 4206 951 4278 uawraamaaq
969 4205 1059 4274 aalma,
1077 4208 1169 4260 finden
1187 4209 1246 4260 sich
1263 4209 1328 4262 aber
1348 4221 1369 4260 a.
1378 4207 1412 4259 Β.
1431 4207 1464 4258 H.
1474 4207 1509 4272 11,

367 4307 390 4356 3.
410 4307 452 4356 38.
470 4303 525 4371 IV,
543 4305 576 4356 83
595 4305 613 4354 f.
631 4305 672 4371 V,
692 4307 707 4356 2
725 4304 752 4355 li.
771 4304 804 4355 A.
823 4305 879 4372 111,
903 4307 937 4356 26
955 4305 981 4356 n.
999 4305 1052 4370 VI,
1078 4306 1117 4355 11.
1138 4305 1178 4354 12.
1198 4305 1239 4355 le.
1257 4304 1289 4354 21
1309 4304 1344 4352 Μ
1378 4301 1433 4354 Sed
1456 4317 1510 4352 non

366 4401 406 4449 ita
423 4413 499 4449 raros
518 4413 579 4450 esse
603 4413 736 4451 excursus
761 4405 843 4464 atque
861 4403 948 4452 virum
973 4399 1050 4450 illum
1072 4399 1258 4450 doctissimum
1281 4397 1401 4462 exempli
1421 4400 1510 4463 gratia

368 4495 449 4544 etiam
468 4494 561 4560 piures
578 4497 702 4558 patuaro
720 4509 893 4560 enumerare,
911 4509 948 4546 ex
965 4493 1054 4544 iudice
1072 4493 1251 4556 intraposita
1269 4496 1392 4556 apparet
