3530 5374
389 495 434 558 40

391 677 486 734 tecue
502 667 647 753 appellet
665 669 898 752 oParsponiso
919 689 1023 749 amne,
1047 689 1112 751 quo
1124 642 1293 750 Scythium
1306 669 1419 740 adluit,
1444 667 1542 751 quod

391 801 509 845 nomen
524 783 594 844 eius
606 783 713 864 gentis
727 779 837 866 lingue
852 781 1015 866 significat
1025 782 1224 862 conyeiotum.
1245 783 1415 848 Philemon
1426 783 1543 846 Mori·-

391 911 554 956 morusam
570 888 742 955 sOimbris
763 893 889 972 voesri,
911 892 975 954 hoe
998 900 1048 955 est
1068 899 1221 956 mortuom
1243 913 1340 974 more,
1362 915 1470 977 usque
1496 893 1544 958 ad

391 1004 646 1090 promontorium
668 1001 821 1082 Rubees,
843 1002 931 1066 ultro
952 1001 1071 1066 deinde
1091 1001 1258 1066 Go·ooiom“
1273 1001 1321 1086 9).
1358 1004 1408 1086 „A
1424 1005 1543 1090 Thyle
1578 999 1580 1003 ’

392 1117 486 1178 unius
510 1114 576 1178 dici
605 1117 814 1199 navigatione
843 1132 931 1176 more
953 1121 1127 1178 concretum
1157 1137 1177 1178 o
1198 1116 1360 1182 nonnullis
1386 1117 1545 1182 Cronium

392 1227 599 1311 appelletur“
615 1225 665 1308 ⁹⁸).
709 1227 803 1305 Quae
831 1227 980 1309 Pytheos
1014 1225 1055 1290 de
1085 1229 1167 1290 mori
1198 1238 1351 1293 concreto
1379 1231 1543 1311 narravit,

392 1340 499 1405 lucide
523 1362 562 1404 ae
584 1339 706 1404 diserte
729 1337 819 1404 Sven
840 1337 976 1403 Nilsson
999 1339 1158 1424 explicuit
1169 1339 1226 1422 ’⁹):
1248 1340 1336 1404 unde
1357 1341 1447 1407 illum
1470 1363 1544 1406 non

391 1454 469 1516 ficte
491 1451 552 1516 sed
573 1472 655 1515 vera
670 1450 843 1514 rettulisse
866 1449 1116 1514 demonstratur.
1155 1449 1225 1514 Iam
1247 1453 1345 1516 etiem
1367 1452 1544 1539 intellegi·-

390 1574 455 1647 tur‚
489 1586 547 1628 eur
568 1565 717 1628 marein
737 1562 804 1632 illis
826 1562 1018 1647 regionibus
1039 1565 1166 1648 pigrum
1191 1571 1225 1627 et
1245 1585 1347 1650 greve
1368 1567 1544 1651 remigan-

390 1677 478 1740 tibus
495 1678 554 1752 sit3
576 1677 680 1760 ipsum
699 1677 783 1739 enim
800 1697 868 1739 rem
880 1673 1015 1738 Tacitus
1037 1683 1127 1739 recte
1148 1674 1267 1756 tradit,
1290 1675 1350 1740 sod
1372 1679 1543 1758 nonsatis

390 1789 580 1872 percepisse
600 1786 750 1867 videtur3
774 1785 862 1868 quod
886 1806 929 1848 ex
952 1787 1061 1849 censis
1081 1786 1124 1851 ab
1138 1807 1178 1850 eo
1200 1785 1308 1850 ellstis
1331 1795 1443 1852 nostro
1465 1790 1543 1851 iure

392 1899 583 1984 colligimus.

477 2010 659 2094 Postquam
677 2030 763 2092 quse
783 2009 824 2074 de
836 2009 1028 2074 Britanniae
1047 2011 1127 2090 situ,
1150 2011 1270 2089 forma,
1294 2013 1408 2076 vicinis
1422 2014 1542 2097 regio·-

391 2121 487 2186 nibus
524 2121 611 2206 apud
641 2121 791 2186 Tacitum
830 2123 1036 2206 reperiuntur
1071 2124 1346 2201 examinavimus,
1388 2124 1467 2208 quid
1498 2126 1541 2190 dc

394 2239 479 2296 terro
499 2235 573 2317 ipsa
596 2235 732 2316 eiusque
754 2234 862 2296 incolis
883 2234 1060 2296 memoriae
1081 2231 1264 2316 prodiderit
1285 2255 1490 2317 quaeremus.

477 2345 528 2409 Ae
552 2347 670 2410 eoelum
691 2345 879 2408 Britanniae
902 2347 948 2407 ite
971 2347 1124 2428 exponit:
1150 2343 1305 2425 „Caelum
1324 2348 1448 2412 crebris
1469 2349 1536 2410 im-

391 2456 503 2520 bribus
526 2477 565 2518 se
587 2456 715 2519 nebulis
737 2453 887 2534 foedum3
917 2449 1078 2539 asperit'ss
1100 2456 1259 2538 frigorum
1281 2457 1385 2520 obest.
1409 2457 1535 2521 dierum

391 2569 498 2650 spatie
519 2567 605 2630 ultra
626 2568 731 2630 nostri
755 2566 842 2629 orbis
870 2587 1074 2648 mensurem3
1102 2587 1170 2630 nox
1202 2567 1290 2630 clare
1321 2577 1354 2631 ct
1386 2576 1538 2633 extrema

391 2677 580 2742 Britanniae
601 2686 697 2763 perte
717 2679 838 2758 brevis,
861 2687 898 2741 ut
919 2679 1017 2742 finem
1039 2686 1138 2762 utque
1162 2680 1286 2743 initium
1310 2679 1392 2744 lucis
1410 2683 1536 2765 exiguo

391 2788 576 2852 diserimine
606 2792 819 2854 internosces.
855 2789 994 2873 quodsi
1023 2791 1126 2854 nubes
1149 2812 1214 2855 non
1237 2791 1400 2870 officient,
1431 2793 1556 2875 aspici‘

390 2919 451 2984 per
472 2909 601 2964 noctem
624 2901 702 2966 solis
725 2901 907 2987 fulgorem,
937 2921 999 2966 nec
1028 2901 1180 2966 occidere
1208 2911 1242 2966 et
1271 2917 1452 2988 exsurgere
1474 2903 1537 2966 sed

390 3014 531 3099 transire
553 3011 746 3076 adfirment“
781 3012 872 3096 (Agr.
897 3016 969 3091 12.)
1014 3013 1170 3078 Similiter
1198 3016 1262 3078 ism
1289 3011 1407 3076 Caesar
1428 3015 1536 3098 serip-

391 3133 494 3188 serot:
521 3125 636 3203 „Loca
658 3133 734 3188 sunt
756 3126 974 3206 temperatiora
999 3145 1096 3207 quom
1119 3125 1152 3186 in
1176 3123 1285 3189 Gallis
1312 3125 1537 3188 remorto-bos

481 3433 806 3497 NJNHOEMQ

478 3526 511 3591 ⁹⁸)
531 3527 629 3590 mw,
649 3528 705 3576 104.
725 3527 765 3575 De
775 3526 884 3590 cronio,
903 3540 956 3589 quo
975 3524 1055 3575 modo
1071 3539 1131 3575 euru
1150 3528 1218 3576 mari
1236 3530 1363 3578 concreto
1381 3526 1537 3592 cohaereat,

391 3621 425 3670 ci.
444 3619 502 3672 080.
521 3618 634 3674 Possint.
653 3619 670 3668 l.
689 3620 706 3669 l.
727 3635 753 3683 p.
773 3620 797 3668 4.

478 3715 510 3777 ⁹⁰)
529 3711 560 3762 1..
580 3713 597 3762 l.
617 3727 642 3776 p.
662 3713 812 3762 etl—uss:
832 3713 904 3767 „Fur
922 3713 1093 3780 dioJenigon‚
1112 3713 1155 3766 dle
1173 3718 1217 3764 nie
1235 3716 1328 3766 solohc
1347 3715 1536 3781 Einmisehung

392 3813 419 3859 iu
438 3808 485 3859 der
503 3807 555 3859 Sec
573 3806 691 3872 geschen
711 3807 810 3871 huben,
828 3821 904 3856 muse
924 3809 968 3857 ioh
986 3808 1149 3874 hemerken,
1168 3811 1232 3860 dass
1250 3825 1313 3860 mon
1331 3809 1388 3860 sloh
1407 3810 1537 3862 derunter

392 3903 467 3954 nieht
486 3905 529 3954 ein
546 3900 746 3968 beginnendes,
772 3902 892 3965 dunres,
917 3902 1118 3966 glssbhniiohes
1137 3903 1183 3953 Eis
1202 3919 1237 3953 zu
1256 3903 1362 3954 denken
1381 3903 1459 3954 habe.
1479 3941 1485 3952 .
1504 3942 1510 3954 .
1529 3942 1535 3954 .

390 3999 441 4048 Dte
451 3998 641 4062 Eismisehnng
653 4001 679 4047 in
690 3998 739 4048 der
748 3996 800 4048 See
815 3999 925 4048 bestsht
933 4013 984 4048 eus
994 3998 1081 4049 neben
1095 3998 1224 4050 einander
1235 3997 1378 4064 liegsnden
1390 3997 1536 4063 Klumpem

392 4091 437 4143 die
457 4095 500 4142 ein
520 4093 679 4156 Mittelding
697 4093 833 4144 zwisehen
852 4091 958 4144 Schnes
976 4093 1032 4143 und
1049 4093 1096 4143 Eis
1114 4095 1279 4144 erseheinen.
1300 4130 1306 4142 .
1326 4129 1332 4142 .
1351 4131 1358 4142 .
1381 4091 1447 4143 Mun
1464 4093 1536 4144 kann

392 4189 418 4237 ln
438 4187 528 4239 diener
538 4187 730 4254 Bismisebung
740 4187 835 4239 weder
848 4187 935 4252 gehen
947 4190 1017 4238 uoeh
1034 4187 1230 4238 durintebren.
1254 4187 1336 4238 Dices
1346 4187 1537 4252 Elsmiscbung

391 4295 456 4345 nun,
475 4281 519 4332 dis
539 4298 568 4333 er
585 4297 616 4332 so
632 4281 748 4333 treffend
762 4286 810 4333 mit
822 4285 896 4334 einer
908 4282 1001 4333 Messe
1012 4295 1066 4332 von
1078 4283 1228 4334 Mauusonu
1245 4277 1372 4349 (πνεύμων
1381 4277 1535 4346 θαλάσσιος),

393 4379 445 4440 „tm
462 4374 710 4428 mittcllltndisohen
722 4377 814 4428 licere
832 4379 993 4444 vergleicht,
1012 4378 1060 4428 hut
1071 4375 1193 4442 Pythone
1210 4377 1297 4428 selbot
1315 4377 1359 4426 bei
1376 4376 1465 4427 Thule
1482 4391 1535 4442 ge·-

395 4470 504 4523 ceben.“
522 4487 548 4537 p.
569 4473 626 4522 926.
1134 4477 1139 4488 ·
