3530 5374
1262 515 1299 582 17

175 700 209 762 iis
232 695 312 761 locis
343 691 543 760 conterenda
569 701 646 758 sunt
676 693 760 758 baec
781 691 973 772 Quintiliani
994 693 1115 758 verba:
1150 693 1227 777 ,Ex
1250 698 1303 760 in-

175 809 288 874 dustria
310 807 469 876 Senecam
573 805 685 872 distuli
711 812 848 891 propter
877 805 1045 892 vulgatam
1074 805 1160 872 falso
1183 805 1225 871 de
1249 829 1301 872 me

175 925 366 1008 opinionem,
396 941 462 1003 qua
484 918 638 984 damnare
668 939 741 984 eum
764 965 822 982 ...
845 938 915 983 sum
940 917 1101 983 creditus.
1124 919 1215 1003 quod
1244 941 1303 983 ac-

174 1036 243 1100 cidit
268 1033 363 1116 mihi,
394 1032 470 1098 dum
501 1037 678 1116 canapium
707 1036 736 1094 et
757 1031 896 1094 omnibns
924 1032 1005 1094 cittis
1019 1032 1159 1113 sructura
1182 1032 1304 1094 dicendi

171 1168 257 1231 peuce
285 1167 442 1213 revocare
471 1144 515 1208 ad
544 1146 711 1210 severiora
739 1141 859 1208 iudicia
890 1143 1069 1208 contendo.
1100 1152 1303 1208 tumentem

173 1263 245 1326 solus
266 1262 314 1324 bie
329 1262 401 1341 sere
422 1261 456 1322 in
477 1257 618 1322 munibus
637 1257 873 1322 adolescentium
895 1257 974 1321 fuit.
999 1277 1095 1340 quem
1119 1279 1183 1321 non
1207 1262 1303 1342 equi-

173 1367 238 1439 dem
262 1375 391 1438 omuino
420 1370 565 1436 conabar
592 1379 751 1436 excutere
780 1367 840 1435 sed
858 1370 1031 1454 potioribus
1052 1347 1210 1455 praeferri
1239 1393 1303 1434 non

171 1487 325 1566 sinebam,
357 1503 432 1568 quoe
459 1485 511 1547 ille
539 1503 603 1547 nou
632 1485 787 1548 destiterat
814 1485 981 1568 incessere,
1011 1505 1084 1547 curn
1108 1483 1221 1546 diuersi
1248 1483 1305 1546 sibi

171 1601 301 1662 oonsdua
326 1591 448 1679 pendis
482 1595 615 1682 placere
645 1615 682 1660 se
717 1597 749 1658 in
780 1594 919 1660 dicendo
953 1615 1071 1679 posse,
1109 1595 1227 1678 quibus
1256 1595 1303 1658 illi

170 1711 308 1796 placent,
338 1707 505 1773 diffideret
527 1753 534 1770 .
556 1755 588 1771 ..
611 1711 704 1774 euius
735 1717 768 1771 et
797 1706 920 1772 multae
948 1707 1071 1790 alioqui
1102 1715 1135 1771 et
1164 1727 1304 1792 magnae

170 1823 299 1885 virtutes
322 1819 472 1900 fuerunt,
494 1817 755 1899 iupeuiunssoeile
773 1823 801 1880 et
819 1819 992 1900 copiosum,
1010 1815 1179 1900 plurimum
1202 1819 1304 1898 studii,

169 1931 264 1996 multa
285 1951 393 1995 recum
417 1931 559 2015 cognitio
584 1961 642 1994 .·..
666 1927 726 1994 sed
753 1931 789 1992 in
811 1927 996 2011 eloquendo
1021 1935 1166 2012 correpta
1193 1929 1305 2014 plera-

168 2064 229 2127 que
270 2052 370 2126 atque
412 2063 452 2107 eo
490 2042 781 2126 perniciosissima,
839 2040 929 2124 quod
965 2039 1132 2118 abundant
1169 2041 1306 2104 dulcibus

170 2156 274 2220 vitiis“
288 2153 337 2238 ⁸²).

249 2315 348 2382 Tum‘
364 2316 442 2401 quid
479 2337 522 2381 ex
559 2337 694 2400 quaque,
719 2315 991 2401 philosophorum
1022 2325 1114 2382 secta
1153 2318 1304 2386 utilitatis

168 2439 274 2495 orator
297 2450 434 2514 capere,
458 2427 535 2512 quid
559 2450 600 2495 ex
626 2427 763 2516 singulis
786 2426 1014 2514 philosophiae
1036 2432 1305 2515 praeceptoribus

167 2541 358 2628 depromere
386 2550 487 2626 atque
521 2543 640 2605 imitari
671 2541 808 2623 debeat,
847 2563 960 2606 rursus
998 2542 1113 2608 eodem
1143 2542 1241 2608 modo
1272 2555 1306 2608 et

166 2654 298 2718 Tacitus
335 2663 369 2718 et
396 2651 613 2733 Quintilianus
645 2652 798 2739 indicant.
853 2653 962 2718 Locos
993 2655 1195 2737 consimiles,
1239 2677 1304 2740 quo

164 2769 272 2850 aptius
296 2768 424 2851 possint
446 2765 548 2830 oeulis
572 2765 780 2850 perlustrari,
803 2767 898 2829 iuxta
919 2768 1105 2851 posuimusz

254 2927 356 3006 ,Sunt
382 2928 470 3014 apud
492 2949 576 3013 quos
718 2930 828 3011 „Pare
862 2931 1061 3010 dialecticae,
1106 2935 1177 2998 sive
1217 2933 1306 2998 illam

161 3041 578 3108 adstrictumetculleetum
630 3042 740 3108 dicere
762 3041 922 3108 malumus
939 3046 1177 3128 disputatricem,
1201 3055 1237 3110 ut
1256 3055 1307 3110 est

162 3163 197 3218 et
220 3153 350 3240 singula
380 3157 491 3220 statim
520 3175 579 3217 ar·
629 3154 718 3222 utilis
740 3176 841 3240 saepe
865 3164 899 3220 et
921 3156 1120 3220 finitionibus
1151 3163 1184 3219 et
1214 3177 1306 3221 eom-
1367 3243 1371 3248 θ

159 3273 320 3350 gumeuta
381 3266 578 3332 concludens
630 3266 903 3350 prehensionibus
926 3277 960 3332 et
978 3266 1189 3352 separandis,
1220 3287 1306 3350 quae

160 3375 295 3442 dicendi
302 3399 407 3462 genus
417 3378 493 3462 plus
502 3377 580 3444 fidei
630 3389 706 3446 sunt
727 3380 927 3459 differentia,
959 3387 991 3443 et
1013 3377 1210 3443 resolvenda
1231 3399 1306 3441 amu

157 3498 332 3553 meretur:
386 3490 475 3574 apud
518 3489 579 3554 hos
630 3490 791 3577 biguitate
824 3489 1078 3576 distinguendo,
1119 3488 1307 3571 dividendo,

157 3599 297 3666 dedisse
315 3622 448 3688 operam
467 3602 579 3666 diolco·
630 3602 807 3691 illiciendo,
830 3602 1042 3689 implicando:
1065 3605 1128 3682 ita,
1152 3603 1181 3666 si
1194 3608 1307 3664 toturn

156 3715 242 3776 tieue
266 3714 446 3798 proficiet.“
632 3717 695 3782 sibi
717 3715 934 3781 vindicaverit
964 3719 997 3780 in
1025 3719 1098 3782 foro
1131 3721 1307 3794 certamen,

633 3822 778 3914 obstabit
800 3826 989 3892 melioribus
1012 3827 1095 3891 ete.“
1110 3822 1161 3907 θ’).
1190 3863 1192 3870 ·

253 3987 375 4071 ,Alios
428 3988 502 4054 fusa
547 3998 581 4056 et
721 3990 942 4074 „Peripatetici
971 3990 1080 4056 studio
1109 4011 1242 4074 quoque
1270 4010 1306 4054 se

151 4099 313 4183 aequalis
332 4109 365 4165 et
383 4121 426 4166 ex
443 4104 580 4166 commi·
633 4101 775 4186 quodam
788 4105 931 4168 oratorio
947 4106 1078 4170 iactant.
1102 4123 1176 4168 uam
1194 4101 1307 4167 theses

150 4289 1305 4305 *mm—“w-

254 4411 289 4467 ³²}
307 4409 419 4480 wenta.
437 4411 475 4478 x,
495 4418 518 4480 r,
539 4413 682 4464 rao-129.

254 4525 288 4590 ³³)
307 4521 419 4593 waere.
437 4526 503 4592 ΧΗ,
522 4529 547 4591 a,
567 4529 607 4577 re.
