3446 5380
1283 503 1325 570 85

185 674 397 756 arbitremur,
428 681 464 737 ut
486 693 687 737 communem
710 673 830 738 famam
851 684 1083 759 aspernaretur
1104 683 1205 760 atque
1227 676 1325 740 alium

183 793 371 866 auctorem,
399 789 457 869 qui
479 789 548 849 veri
570 786 725 852 similiora
756 787 942 869 exhiberet,
974 788 1193 872 sequeretur?
1225 789 1326 854 Nullo

182 900 286 984 igitur
312 907 410 983 pacto
439 905 585 962 nostrum
617 918 725 962 rerum
761 900 953 982 scriptorem
986 899 1122 964 alteram
1154 921 1223 965 rem
1254 921 1327 968 cum

182 1010 289 1074 altera
312 1009 501 1074 confudisse
523 1009 748 1094 concedimus;
772 1013 958 1094 quinetiam
975 1011 1126 1078 subtilius
1140 1033 1212 1077 eum
1229 1034 1327 1096 quam

182 1121 330 1206 reliquos
353 1127 515 1200 auctores,
538 1121 594 1204 qui
616 1123 795 1184 communis
818 1124 1012 1185 narrationis
1035 1121 1263 1186 difficultatem
1285 1143 1327 1187 ne

183 1235 329 1297 sensisse
359 1230 491 1316 quidem
522 1230 690 1312 videntur,
725 1231 767 1297 de
797 1232 859 1296 hac
888 1253 924 1296 re
954 1236 1117 1318 cogitasse
1146 1236 1327 1299 statuimus.
1400 1281 1401 1284 ,

183 1345 304 1428 Neque
333 1343 491 1408 absonum
521 1352 571 1408 est
599 1342 688 1426 quod
719 1339 850 1408 Orclltns
878 1344 921 1409 ad
943 1345 1029 1410 hunc
1051 1345 1157 1410 locum
1186 1349 1327 1432 monuit:

186 1457 342 1540 „Minime
365 1455 522 1520 credibile
545 1463 625 1521 est.
648 1509 655 1523 .
679 1505 686 1519 .
717 1478 738 1520 a
759 1455 874 1521 Tacito
897 1457 1068 1522 confusum
1091 1477 1164 1521 csse
1188 1455 1327 1542 Capito·

184 1569 263 1632 lium
299 1589 371 1632 cum
401 1567 527 1632 Dianae
562 1567 684 1652 templo
718 1571 751 1631 in
780 1569 945 1634 Aventino
974 1577 1083 1632 monte
1095 1617 1104 1648 ,
1138 1589 1252 1634 verum
1274 1569 1327 1632 hic

185 1701 319 1766 quoque
351 1687 459 1743 certos
487 1687 638 1744 auctores
676 1701 760 1744 nunc
798 1677 987 1764 deperditos
1020 1685 1153 1745 secutus
1187 1678 1327 1761 videtur,

185 1801 224 1855 ut
249 1791 343 1872 alibi,
372 1791 428 1855 ubi
457 1809 511 1854 res
541 1791 742 1873 antiquiores
765 1793 880 1876 tangit.
924 1789 994 1873 Sic,
1029 1793 1057 1855 si
1085 1813 1151 1854 non
1181 1799 1329 1856 exstaret

185 1901 314 1984 fatalis,
344 1910 380 1964 ut
402 1901 449 1965 ita
477 1900 600 1982 dicam,
629 1901 684 1964 ille
706 1901 804 1966 Plinii
827 1901 868 1965 de
890 1904 1060 1967 Porsenna
1082 1901 1192 1983 locuS,
1222 1901 1329 1966 Taciti

186 2013 290 2078 verba
314 2011 453 2089 ,dedita
476 2010 584 2075 urbe“
607 2011 748 2076 fortasse
771 2033 831 2098 pro
853 2032 944 2078 mero
967 2033 1077 2078 erroro
1099 2013 1326 2079 haberentur.“

272 2123 357 2188 Tum
379 2123 469 2187 Iovis
491 2123 648 2208 templum
669 2125 702 2187 in
712 2122 875 2208 Capitolio
897 2127 962 2188 iam
984 2145 1050 2188 non
1071 2146 1091 2188 a
1114 2124 1244 2211 regibus
1268 2123 1328 2188 sed

185 2239 348 2302 liberare
370 2234 502 2321 publiea
523 2234 565 2299 ab
576 2234 715 2299 Horatio
727 2235 870 2301 Pulvillo
887 2235 1021 2301 consule
1044 2233 1230 2300 dedicatum
1254 2257 1328 2300 esse

186 2353 269 2414 inter
292 2367 404 2412 omnes
426 2354 577 2412 auctores
601 2356 738 2412 constat.
783 2347 850 2414 Sed
874 2346 916 2410 de
938 2367 1022 2412 anno
1046 2366 1111 2414 non
1133 2345 1220 2412 idem
1244 2367 1326 2412 con-

187 2483 312 2526 sensus.
355 2460 451 2524 Unus
487 2462 570 2524 enim
604 2459 772 2542 Dionysius
785 2460 840 2542 ²⁰³¹)
877 2480 950 2524 cum
979 2458 1095 2524 Tacito
1129 2460 1210 2524 facit
1242 2481 1326 2522 auno

188 2576 286 2640 tertio
301 2583 378 2658 post
396 2593 493 2658 reges
510 2581 645 2638 exactos
661 2571 778 2636 aedem
789 2571 878 2636 Iovis
899 2591 972 2636 esse
993 2569 1191 2652 dedicatam
1215 2577 1328 2633 contra

187 2686 332 2769 Polybius
343 2683 413 2769 ²⁰⁴),
443 2683 636 2768 Livius²⁰⁶),
665 2684 785 2746 Platiae
799 2681 871 2764 ²⁰⁶),
901 2684 1087 2748 Plutarchus
1099 2679 1172 2763 ²⁰⁷),
1205 2679 1329 2746 Cassios

188 2797 248 2862 Dio
261 2797 318 2884 ²⁰⁸)
351 2820 436 2864 anno
464 2800 569 2884 primo
602 2797 728 2860 liberae
758 2798 805 2860 rei
834 2795 986 2880 publicae
1016 2795 1079 2860 hoc
1107 2796 1232 2862 tactum
1254 2813 1328 2860 esse

187 2912 328 2976 tradunt
373 2909 421 2974 Ut
450 2930 544 2977 suum
573 2910 689 2991 cuique
717 2928 824 2992 aequo
859 2905 979 2971 iudicio
1008 2905 1203 2988 tribuamus,
1245 2925 1328 2988 quos

188 3025 330 3105 quisque
350 3022 457 3086 fastos
486 3020 675 3084 consulares
704 3017 890 3083 adhibuerit
920 3037 1122 3102 cognoscere
1152 3005 1328 3096 debemus3

188 3155 226 3199 ac
255 3156 321 3217 quo
351 3135 460 3217 aptius
491 3131 594 3198 oculis
624 3130 825 3215 perlustrare
858 3130 982 3214 possis,
1020 3128 1171 3194 consules
1205 3130 1328 3212 primos

188 3244 366 3311 secundum
388 3244 573 3328 Polybium,
597 3243 803 3328 Dionysium,
826 3242 956 3305 Livium
979 3243 1073 3305 iuxta
1095 3261 1270 3326 ponemus:

638 3407 798 3488 Polybius
810 3403 881 3488 ²¹⁶⁹)=
1162 3499 1163 3503 Ἰ

188 3519 374 3587 aucllb.
398 3518 436 3582 L.
459 3519 569 3584 Iunius
592 3517 714 3581 Brutus
766 3553 807 3564 -
831 3517 876 3580 Μ.
897 3515 1057 3582 Horatius

188 3712 709 3720 ..............-.-—-.-...--—.....-..--.---.
724 3713 744 3717 ..⁴
751 3713 847 3717 ——wm
855 3713 939 3718 --....-
949 3709 1326 3719 *W-—w--OE

249 3847 253 3854 ·
275 3830 321 3895 ²⁰¹)
339 3830 389 3893 111,
406 3833 454 3893 693
471 3831 522 3894 IV,
539 3831 586 3893 513
605 3830 640 3894 V,
657 3830 708 3880 35:
727 3814 790 3904 „rije
808 3826 831 3880 δ’·
841 3825 969 3901 ἀνιέρωσιν
982 3823 1060 3880 αὑτοῦ
1079 3822 1120 3878 sai
1133 3821 1177 3900 τὴν
1190 3816 1329 3898 ὶτέιγραφὴν

190 3922 263 3993 ἔλαβε
281 3921 381 3998 Μάρκος
396 3921 511 3997 Ὁράτιος
531 3919 544 3976 ὁ
563 3919 645 3996 irrpoc
662 3933 712 3976 τῶν
731 3919 860 3975 ὑπάτων.“

276 4020 323 4086 ²⁰⁸)
340 4019 389 4082 ur,
410 4019 452 4069 m.

276 4113 323 4179 ιοι)
339 4114 377 4179 11,
395 4115 425 4177 s;
443 4113 506 4178 vu,
525 4115 549 4165 e.

241 4213 244 4220 ·
276 4207 321 4272 ²0⁸)
339 4209 372 4258 u.
391 4207 580 4273 uxxx111,
599 4209 639 4260 ιο.
659 4210 700 4260 ao.

277 4305 321 4367 ²⁰⁷)
338 4303 417 4368 Popl.
438 4305 477 4352 14.

278 4397 324 4463 ²⁰⁸)
341 4398 385 4447 Fr.
406 4399 447 4449 ta.

277 4491 323 4558 m)
341 4491 391 4558 111,
409 4493 450 4542 aa.
