3530 5374
727 1541 781 1637 ll

215 1756 351 1854 Quam
397 1759 640 1841 doctrinam
681 1759 858 1842 Tacitus
910 1758 958 1840 in
1004 1782 1194 1841 excursu
1246 1759 1300 1840 de

214 1887 445 1968 Britannia
488 1892 533 1970 et
565 1889 779 1970 Hibernia
817 1890 924 1991 Agr.
957 1892 998 1974 10
1016 1893 1128 1974 --17.
1165 1891 1210 1968 et
1242 1890 1300 1973 24.

650 2016 872 2096 exhibeat.

673 2282 835 2319 *ooo-

273 2533 405 2619 Tacitus
441 2537 474 2597 in
503 2534 586 2599 libro
623 2535 664 2598 de
694 2534 768 2599 Iulii
797 2535 974 2620 Agricolae
1009 2538 1078 2599 vita
1117 2546 1150 2600 et
1181 2537 1325 2600 moribus

188 2647 328 2730 scripto,
359 2645 414 2708 ubi
443 2645 534 2708 illum
564 2651 674 2710 statim
703 2647 1006 2731 postconsulatum
1030 2646 1218 2712 Britanniae
1247 2669 1327 2732 pro-

187 2757 312 2818 vinciae
342 2759 566 2841 praepositum
601 2778 674 2822 esse
704 2766 880 2838 memoret,
920 2756 983 2820 hac
1014 2759 1186 2822 occasione
1218 2759 1328 2822 oblata

188 2871 307 2949 utitur,
330 2878 366 2932 ut
390 2889 553 2932 eccnrsnrn
571 2871 608 2932 cte
628 2869 794 2932 Britannia
813 2875 840 2932 et
853 2869 1090 2952 propropticnrn
1102 2869 1163 2954 (co.
1178 2871 1327 2954 10-12)

188 2985 217 3042 et
240 2979 414 3044 historicam
436 2981 495 3064 (cc.
513 2981 663 3065 13-17.)
686 2961 816 3047 inseret.
1130 3061 1133 3067 Ι

263 3071 385 3176 ¹Atque
415 3091 505 3156 illum
537 3093 668 3178 quidem
698 3095 748 3158 his
772 3095 882 3158 verbis
905 3095 1093 3160 exorditur:
1126 3095 1327 3178 „Britanniae

187 3204 277 3266 sitnm
294 3203 485 3287 populosque
507 3189 609 3267 nrnttr‘s
631 3205 828 3287 scriptoribus
850 3213 1033 3268 memoratos
1055 3225 1119 3268 non
1141 3208 1174 3266 in
1193 3226 1329 3288 compe-

186 3317 346 3378 rationem
364 3337 461 3380 curae
483 3318 646 3399 ingeniive
668 3317 819 3397 referam,
842 3316 901 3380 sed
915 3318 992 3398 quia
1008 3326 1076 3379 tum
1095 3319 1232 3402 primurn
1249 3337 1329 3401 per-

187 3424 309 3488 domita
342 3436 409 3490 est:
443 3429 489 3490 ita
519 3448 604 3511 quae
635 3431 761 3512 priores
792 3428 934 3492 noudum
964 3438 1131 3512 comperta
1158 3429 1330 3510 eloqnentr'o

184 3538 398 3621 percoluere,
428 3557 540 3602 rernm*
546 3540 613 3618 side
640 3540 831 3604 tradentur“
862 3540 955 3626 (Agr.
974 3541 1037 3623 10).
1082 3537 1136 3602 Ex
1159 3543 1198 3603 iis
1220 3549 1329 3603 autem

185 3650 418 3733 scriptoribusr,
459 3653 515 3736 qui
545 3649 587 3714 de
617 3651 785 3716 Britannia
816 3641 947 3734 aliquid
970 3650 1181 3730 rettulerant,
1223 3651 1329 3716 adhuc

184 3759 280 3824 nobis
299 3742 372 3825 curn
386 3762 503 3826 Tacito
527 3763 676 3828 conferre
699 3762 776 3827 licet
791 3740 972 3842 Caesarem,
996 3763 1179 3842 Diodorum,
1205 3761 1329 3824 Strobo-

183 3891 273 3951 nenc‚
290 3871 492 3954 Pomponium
504 3871 636 3952 Metam,
651 3873 798 3936 Plinium.
821 3875 959 3938 Praeter
974 3875 1035 3936 hos
1053 3875 1150 3936 etiarn
1163 3872 1329 3954 Livinnr⁷⁴)

186 3990 222 4046 et
230 3982 363 4046 Bobium
370 3983 530 4047 Raeticum
545 3986 579 4048 in
594 3984 687 4048 libris
696 3988 771 4050 suis
790 3985 978 4050 Britanniae
996 3987 1191 4048 mentionem
1210 3984 1329 4047 iecisse
1416 4027 1418 4034 ,

184 4092 229 4156 ab
252 4095 325 4178 ipso
348 4093 465 4159 Tacito
489 4097 647 4162 certiores
669 4095 845 4160 reddimur.

185 4275 291 4284 *—
1164 4277 1326 4286 βαι-Ἥ

258 4403 292 4468 ²⁴)
310 4398 418 4454 Livium
429 4405 556 4470 illatore,
571 4417 624 4468 quo
634 4404 759 4456 Caesaris
776 4404 966 4468 expeditiones
977 4407 1138 4469 narraverit,
1148 4403 1182 4455 de
1190 4404 1331 4454 Britannia

185 4497 349 4548 disseruisse
369 4515 404 4548 ex
421 4500 483 4550 libri
501 4499 557 4552 CV.
577 4502 707 4564 periocha
725 4503 859 4564 suspicari
877 4513 1029 4564 possumus.

1120 4596 1159 4644 3*
