3484 5374
261 475 416 560 'ea

374 687 481 751 neque
503 666 768 732 animadvertere
788 687 897 751 neque
920 669 1063 748 vincire,
1099 689 1140 732 ne
1173 669 1351 734 verberare
1384 668 1517 754 quidem

374 783 436 844 nisi
458 781 684 846 sacerdotibus
707 785 911 864 permissum,
934 803 999 845 non
1022 785 1117 864 quasi
1138 785 1171 844 in
1192 801 1333 866 poenam
1348 787 1409 847 nee
1425 783 1518 846 (11111

374 895 483 974 iussu,
516 892 576 956 seri
598 892 689 958 velut
722 891 785 956 deo
816 896 1014 977 imperante,
1049 915 1146 977 quem
1172 894 1290 959 adesse
1318 893 1518 960 bellantibus

376 1003 543 1070 credunt.“
579 1003 618 1068 In
639 1026 723 1090 pace
745 1005 868 1070 nullum
891 1027 967 1070 esse
988 1025 1179 1070 commutem
1199 1008 1435 1092 magistratum,
1458 1005 1518 1072 sed

375 1119 538 1202 principes
570 1120 738 1202 regionum
771 1125 871 1200 atque
905 1140 1064 1204 pagorum
1095 1123 1182 1184 inter
1214 1139 1292 1184 suos
1325 1122 1376 1183 ins
1407 1119 1518 1182 dicere

377 1231 683 1312 controversiasque
713 1232 858 1294 minuere
886 1229 1180 1312 (111111.)
1212 1253 1233 1295 a
1254 1232 1370 1295 Tacito
1398 1231 1519 1295 confir-

376 1349 483 1406 matur
505 1361 544 1404 ac
567 1343 731 1424 copiosius
756 1344 932 1425 exponitur
954 1343 996 1424 (ct
1018 1343 1095 1424 12).-
1136 1343 1220 1407 Tum
1242 1342 1372 1409 Suebos
1394 1341 1519 1408 Caesar

378 1436 582 1536 compererat
604 1453 1002 1535 11111111191111111111,
1033 1475 1075 1518 ex
1105 1437 1224 1537 quibus
1253 1455 1427 1536 quotannis
1449 1455 1520 1516 sin-

377 1564 453 1648 gula
481 1563 569 1628 milia
597 1574 794 1628 armatorum
828 1565 972 1629 bellandi
1004 1575 1103 1630 cauea
1131 1587 1175 1630 ex
1209 1567 1328 1630 finibus
1363 1564 1519 1645 educant3

378 1675 533 1759 reliquos
556 1679 613 1759 qui
635 1675 721 1740 domi
744 1681 930 1760 manserint,
955 1699 991 1742 se
1013 1687 1113 1762 atque
1136 1678 1210 1742 illos
1233 1678 1339 1754 alere;
1361 1678 1519 1742 1111111-

379 1809 434 1854 sus
457 1789 490 1850 11
511 1790 617 1852 vicem
640 1811 724 1852 anno
747 1797 825 1874 post
845 1792 878 1852 in
900 1791 998 1852 armis
1021 1810 1109 1872 esse,
1130 1789 1205 1854 illos
1222 1789 1310 1854 domi
1333 1811 1521 1870 remanere3

379 1901 427 1964 sic
447 1919 555 1981 neque
577 1902 648 1985 agri
666 1898 824 1966 culturam
847 1921 908 1964 nec
925 1903 1084 1968 rationem
1096 1909 1196 1984 atque
1211 1921 1305 1966 usum
1322 1900 1402 1967 belli
1418 1904 1521 1970 inter·

322 2044 327 2052 ·
379 2012 464 2074 mitti
487 2009 545 2092 (B.
569 2009 610 2075 G.
632 2008 691 2090 IV,
716 2010 772 2094 1.).
816 2011 909 2076 Haec
940 2032 1013 2076 cum
1041 2011 1149 2076 Taciti
1182 2015 1369 2078 narratione
1403 2016 1521 2098 partim

381 2125 555 2186 concinunt
586 2125 703 2208 partim
735 2122 899 2191 differunt.
943 2123 1094 2206 Namque
1127 2127 1155 2188 is
1186 2123 1367 2189 Semnones
1394 2133 1519 2188 tantum

381 2231 563 2300 Sueborum
584 2234 804 2300 nobilissimos
829 2243 959 2299 centum
983 2237 1078 2320 pagis
1101 2235 1249 2300 babitare
1272 2236 1375 2300 refert
1387 2236 1429 2318 (c.
1441 2237 1522 2317 39.);

380 2355 490 2412 tamen
512 2367 541 2428 c
562 2346 602 2427 6.,
624 2345 680 2410 ubi
702 2345 743 2409 de
766 2348 926 2416 universis
943 2344 1118 2410 Germanis
1141 2367 1248 2410 sermo
1271 2354 1333 2426 est,
1356 2354 1522 2427 centenos,

380 2479 486 2542 neque
509 2478 590 2523 vero
612 2457 740 2543 singula
762 2457 867 2540 milia,
898 2479 941 2524 ex
964 2457 1099 2542 siugulis
1127 2459 1230 2542 pagis
1245 2458 1278 2519 in
1300 2456 1421 2520 bellum
1443 2477 1523 2541 pro-

381 2571 484 2636 ficisci
504 2569 625 2634 uadit:
649 2568 746 2651 unde,
759 2591 843 2648 vcum
866 2591 1033 2634 numerum
1059 2568 1227 2633 definitum
1242 2567 1438 2648 esseaddat‚
1459 2590 1524 2630 non

381 2693 506 2746 temere
528 2680 679 2748 concludi
700 2681 831 2746 videtur
852 2681 996 2764 reliquas
1028 2701 1160 2764 quoque
1188 2687 1305 2766 gentes
1335 2682 1368 2742 in
1397 2688 1526 2744 centum

382 2815 485 2878 pagos
507 2794 611 2858 fuisse
635 2793 775 2874 divisos,
807 2792 1023 2876 Caesarisque
1046 2792 1154 2858 locum
1175 2794 1238 2858 hac
1261 2813 1304 2856 ex
1327 2801 1421 2876 parte
1453 2809 1526 2856 cum

383 2904 498 2968 Tacito
520 2926 619 2989 posse
642 2907 816 2970 conciliari.
847 2906 895 2969 At
917 2908 988 2990 agri
1011 2904 1170 2968 culturam
1194 2906 1283 2968 viros
1304 2924 1370 2966 non
1393 2923 1525 2966 curasse

382 3015 443 3082 sed
465 3016 594 3082 feminis
628 3017 826 3100 senibusque
860 3026 893 3080 et
923 3017 1141 3082 infirmissimo
1172 2993 1293 3098 cuique
1324 3035 1368 3079 ex
1401 3013 1526 3078 familia

383 3129 558 3216 delegasse
581 3130 716 3199 Tacitus
738 3138 909 3196 asseverat
932 3136 973 3206 (c.
999 3127 1166 3212 1511)..
1231 3147 1247 3185 ι’

469 3243 553 3306 Tum
576 3243 613 3306 da
635 3262 782 3324 oporam
799 3244 991 3324 possessione
1010 3219 1135 3306 Caesar
1156 3243 1202 3302 ita
1224 3239 1354 3303 scribit:
1380 3239 1526 3320 „Privati

384 3375 422 3418 ac
445 3357 589 3438 separati
612 3357 682 3440 agri
705 3351 793 3438 apud
818 3375 875 3418 eos
897 3352 976 3417 nihil
1000 3352 1069 3416 est⁴‘
1095 3349 1147 3434 (B.
1164 3348 1205 3414 G.
1227 3348 1286 3431 IV,
1311 3350 1363 3432 1.).
1388 3349 1526 3431 „Neque

384 3468 556 3548 quisquam
580 3469 650 3550 agri
672 3464 804 3528 modum
822 3474 945 3528 certum
969 3471 1025 3525 aut
1048 3463 1129 3526 fines
1151 3461 1252 3524 habet
1273 3463 1442 3546 propri0s3
1466 3455 1526 3523 sed

384 3577 593 3661 magistratus
617 3597 656 3639 ac
678 3577 842 3659 principes
873 3575 904 3636 in
935 3593 1036 3636 annos
1060 3571 1206 3658 singulos
1229 3571 1381 3656 gentibus
1404 3592 1527 3655 cogna-

384 3686 592 3768 tionibusque
615 3686 795 3764 bominum,
817 3687 874 3768 qui
894 3705 958 3748 nna
975 3687 1132 3762 coierunt,
1156 3691 1311 3765 quantum
1330 3693 1439 3765 eiquo
1456 3682 1529 3746 loco

386 3800 490 3863 visum
514 3804 565 3862 est
585 3799 656 3880 agri
678 3797 878 3860 attribuunt“
904 3793 1087 3878 (11.1),
1108 3793 1182 3874 22.)
1229 3793 1352 3860 Contra
1374 3793 1526 3856 Tacitus:

389 3909 491 3992 „Agri
513 3927 572 3992 pro
595 3927 729 3972 numero
751 3906 912 3970 cultorum
934 3907 977 3970 ab
1006 3908 1167 3970 universis
1188 3908 1222 3967 in
1244 3908 1335 3968 vices
1359 3923 1525 3988 occupan-

389 4103 483 4110 -....,..-
502 4103 522 4107 ...
539 4102 752 4108 -,.....,..-.--.
768 4102 789 4106 -.
816 4101 831 4105 ..
850 4093 1525 4109 -...-.,.....-.-....-,....,-,....-...-...--.ιι---

475 4187 738 4255 1*7)1111111111111
760 4202 816 4238 ram
842 4188 980 4252 publicam
1006 4187 1203 4240 Germanorum
1230 4189 1408 4252 pertinentia,
1432 4189 1529 4252 quibus

388 4285 489 4338 Caesar
506 4289 535 4335 et
551 4285 662 4336 Tacitus
681 4287 810 4345 utuntur,
834 4295 932 4347 magua
950 4283 1012 4334 cum
1030 4282 1171 4346 diligentia
1196 4283 1311 4332 contulit
1329 4279 1460 4334 Dotatae
1476 4283 1494 4332 l.
1511 4283 1530 4332 1.

388 4396 413 4444 p.
432 4382 553 4431 aunei.
591 4378 632 4430 Ci'.
656 4382 738 4429 etiam
763 4393 832 4441 quae
859 4378 957 4428 ibidem
982 4377 1017 4428 de
1040 4377 1157 4440 publicis
1176 4375 1371 4428 Germanorum
1394 4378 1479 4428 rebus
1503 4380 1531 4426 in

389 4477 546 4524 universum
565 4473 754 4538 disceptantur
771 4489 797 4538 p.
816 4475 910 4524 3-38.
