3484 5374
365 469 406 545 92

450 655 544 732 Quae
565 637 607 718 de
623 652 787 737 Capitolio
809 649 896 737 apud
921 648 1069 716 Tacitum
1088 644 1243 736 leguntur
1257 644 1337 714 ¹cum
1359 647 1506 734 plerum-

365 783 430 849 que
471 767 514 830 ab
553 765 693 829 aliorum
733 772 902 828 auctorum
935 762 1016 827 locis
1057 761 1189 827 diversa
1227 765 1316 842 sint,
1363 783 1427 826 uon
1462 783 1506 826 ex

363 874 478 940 iisdem
508 876 648 958 fontibus
693 875 834 940 derivari
876 883 1052 960 potuerunt
1087 882 1187 958 atque
1224 873 1377 957 Dionysii
1419 873 1508 936 Livii

364 988 500 1052 allorum
523 991 735 1052 narrationes.
779 985 832 1051 Ao
854 1005 989 1066 vercor,
1019 1005 1060 1050 ne
1087 987 1119 1049 iu
1141 985 1204 1048 hae
1225 983 1506 1048 animadversione

364 1103 574 1183 acquiescere
608 1097 807 1178 debeamus3
849 1101 969 1162 etenim
1001 1100 1058 1180 qui
1088 1095 1196 1163 Taciti
1230 1097 1340 1162 fontes
1374 1097 1506 1178 fuerint,

364 1211 487 1276 nullum
524 1219 648 1275 certum
679 1205 854 1295 vestigium
889 1208 1047 1294 indagare
1083 1210 1249 1292 contingit.
1302 1206 1388 1272 Nam
1405 1207 1507 1291 ‘quod

364 1322 551 1386 Nicbudrius
582 1324 768 1406 suspicatur
790 1319 958 1384 Valerium
979 1317 1164 1401 Antiatem,
1205 1314 1263 1402 dui
1295 1318 1507 1402 Tarquinium

364 1437 512 1500 Priscum
537 1457 579 1499 ex
602 1432 726 1519 praeda
741 1432 932 1517 Apiolarum
955 1431 1086 1498 obscuri
1109 1431 1246 1496 alicuius
1269 1419 1382 1515 oppidi
1404 1429 1508 1515 Capi-

363 1547 477 1611 tolium
508 1547 714 1610 inchoavisse
742 1544 828 1608 falso
851 1542 1041 1624 tradiderit,
1072 1541 1210 1608 eundem
1232 1545 1508 1608 continuationem

247 1643 250 1649 ¹
364 1659 451 1724 illius
482 1661 591 1744 operis
621 1679 642 1722 a
669 1659 786 1723 Servio
810 1653 918 1720 Tullio
948 1657 1069 1720 factam
1099 1664 1316 1721 commentum
1347 1653 1508 1726 esse²³⁵lt

365 1773 437 1836 viro
459 1773 720 1856 ingeniosissimo
751 1791 815 1834 non
831 1804 833 1807 f
849 1771 1063 1833 assentimm.·
1098 1767 1240 1834 Sienim
1263 1770 1507 1846 recitassem,

365 1903 428 1946 non
451 1892 541 1946 recte
563 1881 845 1966 intellegeremus,
869 1901 926 1944 cur
938 1867 1090 1960 Tacitus,
1113 1882 1235 1966 quippe
1258 1881 1315 1963 qui
1337 1901 1419 1944 unus
1443 1900 1508 1942 ex·-

365 1997 576 2060 struotionem
599 1992 690 2057 aedis
703 1991 908 2077 Capitolinae
930 2011 990 2076 per
1012 1989 1122 2056 Servii
1145 1989 1244 2054 Tullii
1266 2011 1403 2076 regnum
1426 2012 1508 2056 con-

365 2111 522 2170 tinuatam
546 2125 620 2170 esse
643 2112 884 2183 commemoret,
907 2102 987 2166 nihil
1010 2104 1140 2167 omnino
1162 2101 1327 2166 rettulerit
1346 2101 1508 2186 deApio-

364 2219 467 2282 larum
490 2217 658 2283 manubiis.
703 2215 770 2282 Sed
793 2215 856 2279 hoc
878 2222 1103 2299 argumentum
1124 2223 1161 2278 ut
1182 2217 1316 2278 missurn
1338 2215 1508 2294 faciamus,

365 2328 521 2413 numquid
545 2331 615 2394 veri
638 2327 743 2392 simile
764 2335 818 2391 est
840 2334 1006 2392 auctorem
1030 2335 1096 2390 tam
1119 2325 1294 2406 insulsum,
1322 2329 1378 2410 qui
1399 2326 1508 2410 Apio-

367 2441 469 2507 larum
499 2439 662 2524 praedam·
679 2438 848 2531 Capitulio
871 2437 1075 2502 aedificando
1103 2436 1368 2523 suppeditavisse
1398 2435 1508 2510 oredi-

367 2552 465 2632 derit,
489 2550 633 2616 eundem
653 2548 734 2614 illud
757 2547 799 2613 de
822 2547 938 2615 Servio
961 2547 1069 2614 Tullio
1092 2548 1295 2617 coniecisse?
1339 2548 1421 2614 Mihi
1443 2571 1509 2613 non

366 2664 414 2726 ita
436 2661 576 2726 videtur.

452 2824 538 2892 Tum
558 2812 766 2908 Schweplorm
779 2822 835 2906 ²³⁶)
858 2824 999 2889 Plinium
1021 2823 1167 2888 foederis
1190 2823 1278 2888 illius
1299 2811 1320 2886 a
1340 2824 1512 2887 Porsenna

370 2937 437 3002 dati
468 2939 614 3001 notitiam
642 2937 785 3002 fortasse
816 2958 836 2999 a
865 2936 992 3028 Licinio
1015 2935 1130 3000 Macro
1160 2933 1215 3000 vel
1234 2935 1354 2999 Verrio
1376 2933 1509 3014 Flacco,

367 3049 457 3134 quod
486 3050 539 3115 hic
572 3051 604 3114 in
634 3049 823 3116 auctoribus
854 3048 928 3112 libri
954 3047 1125 3115 XXXIV.
1162 3047 1319 3113 naturalis
1353 3047 1510 3113 historiae

367 3164 559 3239 nominetur,
577 3163 747 3246 accepisse
764 3164 939 3226 existimat.
962 3160 1009 3224 At
1025 3160 1123 3226 valde
1139 3161 1237 3224 miror
1255 3159 1344 3243 quod
1358 3162 1409 3222 vir
1427 3158 1510 3224 doc-

367 3275 511 3338 tissimus
527 3276 560 3338 iu
571 3293 642 3338 eam
655 3275 887 3360 cogitationem
898 3269 1056 3338 inciderit.
1081 3271 1155 3351 Quo
1168 3273 1252 3336 euim
1267 3273 1338 3336 iure
1349 3269 1510 3336 Licinium

367 3383 515 3452 Macrum
536 3383 697 3470 appellat,
729 3405 826 3469 quem
856 3386 928 3469 ipse
950 3383 1078 3449 Plinius
1105 3385 1138 3448 in
1159 3382 1247 3448 illius
1268 3381 1343 3447 libri
1364 3383 1510 3456 auotori-

367 3494 430 3560 bus
452 3516 495 3560 ne
516 3503 748 3584 commemorat
766 3494 922 3578 quidem?
935 3492 1013 3562 een
1032 3496 1129 3560 etiam
1141 3492 1250 3558 Verrii
1261 3492 1375 3558 Flacci
1392 3501 1511 3558 aucto-

368 3607 449 3672 ritas
478 3605 575 3670 nullis
607 3605 811 3670 adminiculis
846 3607 926 3670 satis
956 3605 1057 3670 firmis
1087 3604 1237 3686 fulcitum
1279 3626 1356 3669 narn,
1384 3604 1509 3669 Plinius

371 3721 469 3783 etiam
490 3718 528 3781 L.
550 3719 724 3798 Pisonem,
747 3717 914 3781 Valerium
936 3717 1121 3800 Antiatem,
1144 3719 1189 3782 M.
1212 3717 1405 3796 Varronem,
1426 3716 1509 3781 alius

368 3836 521 3894 auctores
543 3829 618 3894 libri
639 3828 726 3894 illius
754 3827 883 3908 laudat,
913 3836 1020 3913 neque
1035 3807 1117 3893 ,uno
1146 3831 1216 3894 iure
1243 3831 1284 3894 iis
1310 3829 1510 3914 denegamus

370 3939 459 4026 quod
480 3944 536 4006 uni
556 3939 675 4006 Verrio
697 3939 818 4030 Flacco
840 3941 954 4006 tribuit
974 3937 1215 4028 Schweglerus.

370 4175 471 4184 ——-—

456 4328 502 4394 ²⁸⁵)
520 4328 552 4380 Ιι.
569 4329 587 4379 l.
605 4328 628 4394 1,
646 4328 705 4380 558.

458 4447 501 4513 ²¹⁸)
518 4448 550 4498 L.
568 4448 586 4498 l.
605 4449 641 4515 11,
661 4449 718 4500 182.
738 4452 828 4500 annot
848 4449 871 4498 2.
