3530 5374
380 495 423 560 42

381 674 448 730 turn
471 665 671 732 Britanniam
694 670 793 749 ferre,
828 669 943 732 Tacito
966 689 1038 732 cum
1062 667 1213 732 Strabone
1235 666 1269 749 (l
1292 663 1327 748 l.)
1350 667 1534 745 convenit3

382 800 425 844 or
447 777 519 842 aliis
540 779 697 860 metallis,
728 801 813 862 quae
834 779 964 864 singula
985 802 1050 844 non
1073 787 1242 844 enumerat
1263 787 1379 842 auctor
1400 785 1534 856 noster,

383 885 501 952 Caesar
522 889 556 969 (l.
579 889 615 972 l.)
638 898 671 954 et
693 889 851 954 Diodorus
872 891 928 974 (V,
952 892 1017 974 22.)
1047 891 1213 974 plumbum
1243 889 1353 956 album
1376 907 1535 979 comme-

381 1007 518 1077 morant,
544 997 661 1066 Caesar
684 1000 716 1085 (l.
740 1001 775 1084 l.)
797 1010 832 1066 et
854 999 965 1066 Strabo
988 1001 1022 1086 (l
1045 1000 1080 1083 l.)
1103 1001 1236 1082 ferrum,
1260 999 1380 1064 Plinius
1401 999 1457 1082 (N.
1484 997 1535 1062 H.

381 1109 554 1192 XXXIV,
568 1111 652 1192 164.)
674 1111 841 1196 plumbum
863 1115 1001 1198 nigrum.
1032 1109 1187 1176 Gemmas
1199 1110 1287 1196 apud
1299 1131 1398 1174 unum
1408 1109 1535 1174 Melam

384 1221 417 1304 (l
439 1221 474 1303 l.)
498 1225 687 1306 reperimus.
731 1224 884 1307 Denique
905 1223 1007 1288 tradit
1028 1222 1176 1305 Tacitus,
1199 1225 1335 1308 gignere
1357 1231 1391 1286 at
1413 1221 1535 1286 Ocea-

382 1355 458 1398 num
486 1338 679 1420 margarita,
709 1335 769 1400 sed
797 1336 953 1402 subfusca
981 1357 1021 1402 ae
1034 1336 1185 1399 liventia.
1229 1333 1398 1414 Quosdam
1416 1341 1533 1398 artem

382 1443 500 1510 abesse
522 1445 708 1530 legentibus
729 1446 899 1530 arbitrari,
921 1469 997 1512 nam
1018 1449 1050 1511 in
1072 1447 1172 1513 rubro
1194 1448 1276 1512 mari
1292 1448 1370 1510 viva
1391 1467 1431 1510 ao
1453 1447 1534 1530 spi-

384 1558 491 1622 rantia
511 1559 602 1622 saxis
626 1559 735 1640 avelli,
757 1560 790 1624 in
812 1558 992 1642 Britannia,
1013 1567 1112 1644 prout
1135 1559 1276 1643 expulsa
1297 1561 1374 1640 siut,
1396 1557 1534 1644 colligi:

385 1689 421 1733 se
443 1669 572 1734 facilius
596 1671 729 1736 credere
751 1681 899 1735 naturam
921 1674 1105 1758 margaritis
1129 1671 1246 1737 deesse
1260 1692 1357 1754 quam
1368 1671 1533 1735 Romanis

385 1783 553 1847 avaritiam
576 1781 671 1868 (Agr.
695 1781 769 1862 ln).
813 1783 1011 1870 Margaritas
1034 1784 1237 1848 etiam-,Melo
1259 1783 1294 1867 (t
1312 1783 1348 1865 l)
1370 1785 1533 1864 nominat,

387 1914 509 1976 easque
530 1915 650 1978 parvas
673 1903 707 1958 et
730 1894 902 1962 decolores
925 1895 1046 1958 Plinius
1068 1896 1124 1979 (N.
1146 1895 1190 1960 H.
1212 1895 1276 1978 IX,
1301 1895 1395 1978 lla).

471 2003 556 2070 Tum
577 2005 619 2070 de
642 2007 758 2086 origine
780 2007 1004 2070 Britannorum
1028 2009 1161 2072 Tacitus
1183 2009 1231 2070 ita
1252 2005 1393 2086 disserit,
1416 2013 1453 2070 ut
1469 2025 1532 2070 eos

385 2138 451 2182 non
471 2116 643 2204 indigenas
666 2119 725 2184 sed
747 2120 905 2185 advectos
929 2141 1003 2184 essa
1025 2119 1209 2184 arbitretur.
1252 2116 1292 2182 Id
1316 2139 1389 2181 cum
1410 2137 1531 2202 parum

385 2237 588 2314 compertum
609 2233 652 2294 sit
673 2239 710 2296 ut
732 2233 815 2295 inter
838 2231 1005 2311 barbaros,
1029 2230 1225 2298 concludere
1247 2251 1284 2294 se
1307 2249 1532 2312 excerperem

387 2341 508 2406 babitu:
529 2365 668 2426 namque
692 2343 806 2406 rutilas
820 2341 1030 2408 Caledoniam
1053 2341 1268 2418 habitantium
1290 2363 1411 2420 comas,
1433 2361 1531 2425 mag-

387 2473 447 2518 nos
470 2461 560 2518 artus
586 2453 802 2516 Germanicam
824 2455 980 2536 originem
1010 2452 1218 2518 adseverare.
1262 2451 1404 2518 Silurum
1434 2453 1529 2518 colo-

387 2574 476 2630 ratos
499 2564 619 2644 vultus,
644 2572 748 2628 tortos
770 2563 963 2648 plemmque
986 2568 1091 2652 crines
1115 2573 1148 2629 et
1169 2567 1310 2649 positam
1333 2572 1446 2628 contra
1462 2563 1530 2628 Hi·-

386 2678 533 2760 spaniam
555 2675 687 2738 Hiberos
708 2684 838 2740 veteres
862 2677 1030 2740 traiecisse
1061 2696 1183 2759 easque
1215 2675 1312 2740 sedes
1347 2695 1530 2760 occupasse

386 2786 486 2852 fidem
508 2787 626 2854 faeere.
671 2788 845 2854 Proximos
871 2787 969 2852 Gallis
991 2797 1025 2852 et
1047 2788 1169 2854 similes
1192 2809 1284 2867 esse,
1308 2809 1367 2854 seu
1390 2788 1528 2854 durante

388 2901 520 2983 originis
542 2901 586 2978 vi,
608 2919 667 2964 sen
689 2899 955 2983 procurrent-ibus
975 2903 1008 2962 in
1032 2899 1163 2964 diversa
1184 2902 1282 2966 terris
1302 2901 1423 2985 positio
1447 2899 1528 2966 caeli

389 3010 579 3096 corporibus
602 3011 748 3076 habitum
770 3009 914 3090 dederit3
949 3013 981 3074 in
1005 3013 1191 3078 universum
1213 3020 1323 3078 tamen
1343 3013 1528 3078 aestimanti

389 3121 504 3186 Gallos
536 3123 674 3184 vicinam
704 3123 841 3186 insulam
876 3143 1056 3206 occupasse
1089 3120 1245 3186 credibile
1277 3143 1360 3187 esse.
1404 3120 1528 3184 Eorum

387 3255 480 3298 sacra
498 3232 700 3317 deprehendi
712 3235 978 3318 superstitionum
990 3235 1220 3318 persuasione3
1243 3253 1426 3297 sermonem
1441 3231 1528 3297 haud

386 3344 522 3408 multum
544 3343 709 3408 diversum
733 3366 816 3425 esse,
838 3347 872 3407 in
895 3342 1112 3429 deposcendis
1136 3341 1290 3428 periculis
1307 3343 1444 3408 eandem
1466 3365 1528 3408 au-

387 3455 515 3520 daciam
538 3462 581 3536 et,
605 3455 661 3519 ubi
681 3455 884 3536 advenerint,
917 3458 950 3518 in
973 3454 1195 3520 detrectandis
1219 3436 1355 3520 eandem
1377 3454 1529 3520 formidi-

305 3607 309 3612 -
387 3586 471 3631 nem.
515 3567 595 3632 Plus
629 3577 738 3632 tamen
767 3569 910 3633 ferociae
943 3567 1119 3634 Britannos
1152 3553 1338 3654 praeferre,
1375 3576 1412 3632 ut
1445 3590 1528 3652 quos

388 3678 529 3760 nondum
550 3678 649 3766 longa
670 3700 738 3763 pax
759 3680 932 3746 emollierit
954 3680 1046 3764 (Agr.
1071 3661 1146 3764 11.).
1181 3680 1304 3746 Contra
1328 3671 1528 3761 Cacsar¹⁰⁴¹)

325 3811 328 3817 ·
389 3790 493 3854 refert
514 3789 700 3855 Britanniae
722 3799 848 3874 partem
871 3793 1057 3856 interiorem
1079 3793 1121 3857 ab
1144 3795 1183 3856 iis
1203 3791 1313 3873 incoli,
1336 3801 1527 3875 quosnatos

388 3901 540 3964 ininsula
556 3903 619 3984 ipsi
636 3904 793 3965 memoria
809 3901 972 3986 proditum
992 3902 1112 3984 dicant,
1134 3905 1325 3966 maritimam
1341 3909 1467 3988 partem
1486 3902 1528 3967 ab

388 4014 445 4092 iis,
480 4014 536 4095 qni
564 4013 706 4097 praedae
736 4034 775 4077 ac
804 4013 881 4078 belli
910 4013 1072 4078 inferendi
1094 4034 1193 4078 causa
1215 4035 1259 4079 ex
1280 4011 1396 4098 Belgio
1418 4022 1529 4078 trans-

390 4125 486 4189 ierint
516 4123 619 4207 (quos
651 4145 762 4188 omnes
792 4123 863 4188 fere
894 4127 933 4189 iis
962 4125 1335 4203 nominibusoivitatum
1359 4123 1528 4209 appellari,

391 4235 508 4321 quibus
531 4237 595 4301 orti
617 4258 660 4301 ex
683 4237 869 4302 civitatibus
892 4257 931 4301 eo
953 4238 1176 4322 pervenerint)
1189 4319 1192 4328 .
1206 4222 1239 4301 et
1261 4237 1348 4302 bello
1371 4237 1462 4302 illato
1485 4233 1529 4299 ibi

390 4393 493 4411 ····-··—-*-

478 4479 540 4546 ¹⁰r)
558 4481 589 4531 s.
607 4481 639 4533 e.
657 4482 692 4547 v,
712 4482 752 4532 ra.
