3446 5380
1288 521 1330 586 97

186 698 284 762 'Pullo
317 696 461 761 Hostilio
493 717 573 781 rege
608 703 801 779 quaestores
835 697 940 761 fuisse
974 707 1098 762 eertum
1136 707 1195 764 est.
1246 697 1332 764 Sane

185 809 332 873 crebrior
354 807 443 893 apud
467 816 597 872 veteres
620 809 731 892 opinio
755 817 816 888 est,
839 807 971 872 'Pullum
995 807 1171 874 Hostilium
1194 813 1332 893 primum

184 923 220 984 in
242 942 311 985 rem
333 921 498 1006 publicam
523 917 693 984 iriduxisse
716 920 940 1002 quaestores.“

273 1031 341 1098 Sed
363 1032 525 1117 Ulpianus
549 1051 621 1096 cum
645 1039 763 1095 contra·
777 1030 962 1096 Gracchani
984 1035 1205 1098 testimonium
1227 1053 1332 1116 quae-

184 1154 293 1240 stores
316 1143 413 1208 Tullo
436 1143 580 1230 Hostilio
604 1152 761 1229 regnante
784 1147 922 1228 primum
946 1147 979 1208 in
1001 1165 1069 1209 rem
1093 1144 1256 1230 publicam
1279 1149 1333 1208 in-

184 1257 304 1321 ductos
327 1277 401 1322 esse
424 1266 514 1322 ratus
537 1255 736 1321 crebriorem
766 1255 854 1340 apud
876 1264 1006 1322 veteres
1030 1260 1215 1342 opinionem
1239 1259 1332 1340 quasi

182 1372 219 1433 in
240 1367 397 1431 auxilium
420 1374 528 1447 vocat,
553 1365 694 1430 dubitari
716 1386 781 1430 non
803 1371 915 1450 potest
937 1370 1015 1449 quin
1039 1367 1229 1430 duumviros
1250 1384 1332 1451 per-

184 1480 370 1560 duellionis,
393 1499 477 1562 quos
500 1477 541 1542 ad
564 1496 696 1544 causam
718 1477 848 1542 Horatii
877 1478 1084 1544 iudicandam
1107 1479 1149 1544 ab
1171 1479 1228 1542 illo
1251 1499 1331 1562 rege

181 1594 288 1656 fuisse
311 1591 417 1655 factos
439 1591 555 1654 Livius
577 1590 652 1654 fuse
675 1599 786 1654 narrat
797 1587 869 1672 ²⁴⁶²),
900 1611 973 1654 cum
995 1591 1229 1674 quaestoribus
1252 1613 1332 1656 con-

182 1704 309 1770 fuderit
321 1701 387 1784 ²⁴³).

270 1815 378 1879 Multo
402 1835 483 1878 vero
505 1817 610 1900 magis
632 1815 726 1880 nobis
748 1813 1075 1880 animadvertendum
1098 1824 1149 1882 est
1162 1815 1332 1882 Graccha-

183 1949 260 1990 num
290 1946 363 1990 cum
392 1925 507 1989 Tacito
537 1945 704 2009 pugnare3
734 1929 852 1990 etenim
881 1927 935 1990 hic
965 1936 1158 2010 quaestores
1188 1929 1230 1994 ab
1252 1931 1333 2014 ipsis

183 2039 335 2123 regibus,
358 2037 413 2101 ille
435 2036 550 2121 populi
571 2036 728 2120 suffragio
750 2058 770 2101 a
793 2038 925 2122 regibus
949 2038 1099 2105 delectos
1123 2061 1198 2106 esse
1220 2041 1332 2104 refert.

186 2151 235 2214 Ac
258 2149 393 2214 Tacitus
417 2159 453 2214 ut
474 2169 566 2212 suam
588 2151 784 2213 sententiam
807 2149 1023 2228 confirmaret,
1047 2151 1155 2235 legem
1174 2153 1333 2230 curiatam

190 2261 227 2326 ab
246 2262 286 2325 L.
309 2254 412 2326 Bruto
435 2263 609 2346 repetitam
632 2261 761 2342 laudat3
792 2281 878 2344 quae
899 2260 956 2326 lex
979 2264 1041 2326 etsi
1064 2263 1105 2326 ab
1128 2263 1202 2328 aliis
1223 2266 1332 2348 scrip-

189 2376 311 2440 toribus
334 2375 476 2440 fortasee
499 2375 618 2438 leviter
648 2375 827 2458 attingatur
841 2372 918 2454 ¹²⁴⁴),
948 2381 1058 2438 temen
1081 2395 1146 2458 quo
1169 2374 1333 2443 modoad

184 2493 396 2569 quaestorum
419 2484 633 2549 creandorum
651 2491 851 2569 potestatem
864 2487 1068 2570 pertinuerit,
1091 2505 1187 2550 nemo
1200 2495 1333 2571 praeter

186 2607 334 2673 nostrum
357 2605 523 2662 auctorem
545 2599 721 2661 memoriae
744 2596 900 2681 prodidit.

270 2709 356 2774 Item
379 2729 462 2772 unus
481 2707 616 2774 Tacitus
638 2707 680 2772 ab
703 2710 794 2771 initio
813 2709 937 2774 liberae
950 2709 1161 2794 reipublicae
1174 2710 1259 2772 ultra
1271 2709 1333 2774 de·

187 2823 401 2885 camvirorum
436 2824 586 2904 tempora
618 2818 805 2884 consulibus
838 2829 1030 2902 quaestores
1068 2820 1234 2906 deligendi
1268 2843 1332 2908 po-

186 2940 340 3002 testatem
363 2933 522 2996 mansisse
544 2938 659 2994 auctor
683 2937 741 2994 est.
1131 3017 1133 3022 Ι

271 3044 413 3108 Demum
435 3052 512 3128 post
534 3063 631 3129 reges
655 3042 814 3126 expulsos
837 3044 934 3108 etiam
956 3025 1015 3107 alii
1034 3064 1141 3108 rerum
1154 3047 1331 3129 scriptores

187 3165 396 3240 quaesturam
418 3165 680 3222 commemorant
712 3157 825 3239 Atque
848 3157 1125 3242 explicatissimus
1149 3167 1201 3223 est
1223 3159 1332 3222 Zone-

186 3287 251 3350 σοι,
275 3271 333 3350 qui
345 3266 451 3332 Cassii
461 3267 578 3332 Dionis
601 3267 701 3333 libros
726 3278 947 3354 excerpserat,
969 3270 1081 3334 locus:
1105 3270 1331 3358 „(Poplicola)

186 3375 242 3466 τὴν
271 3353 337 3442 dciv
370 3367 546 3464 χρημάτων
570 3376 732 3464 διοίκησιν
754 3371 869 3454 ἄλλοις
891 3373 1079 3462 ἀπένειμεν,
1106 3379 1162 3446 ἵνα
1188 3374 1234 3467 μή
1255 3377 1332 3447 τοὺ-

186 3512 250 3556 των
272 3485 436 3578 ἐγκρατεῖς
457 3483 547 3563 ὄντες
569 3487 604 3554 οὶ
626 3481 840 3564 ὑπατεύοντες
861 3488 946 3576 μέγα
968 3485 1139 3557 δύνωνται.
1162 3486 1217 3560 ὅτε
1238 3495 1333 3584 προ]-

185 3627 240 3670 τον
262 3600 295 3669 οἱ
319 3600 438 3684 ταμίαι
453 3599 605 3688 γίνεσθαι
624 3593 767 3692 ἤρξαντο.
791 3601 1043 3690 κοιαίστ·οραςδ’
1055 3593 1191 3672 ἐκάλουν
1207 3594 1332 3680 αὐτούς.

177 3707 219 3780 οἳ
250 3715 415 3801 πρῶτον
445 3712 516 3796 μὲν
550 3706 625 3790 ταὶς
658 3712 929 3794 θανασίμους
965 3714 1087 3790 δίκας
1120 3713 1332 3814 ἐδίκαζον,

187 3818 268 3890 ὅθεν
291 3823 348 3890 καὶ
370 3818 429 3907 τήν
457 3821 679 3913 προσηγορίαν
705 3813 825 3908 ταύτην
853 3817 910 3891 ded
936 3819 994 3899 τας
1023 3821 1209 3915 ἀνακρίσεις
1235 3817 1332 3917 ἐσχή-

188 3957 263 3999 κασι
285 3935 341 4000 καὶ
375 3929 431 4000 διὰ
457 3930 515 4020 τὴν
543 3937 601 4019 τῆς
622 3928 789 4019 ἀληθείας
816 3931 853 3998 ἐκ
875 3937 940 3999 τῶν
962 3931 1164 4024 ανακρίσειον
1186 3932 1330 4025 ζήτησιν·
1412 4014 1417 4024 ¹

192 4163 292 4172 —mq-

274 4322 320 4389 ¹⁴²)
338 4321 400 4376 Le.
417 4326 440 4390 1,
459 4326 500 4376 as.

275 4416 321 4483 m)
339 4415 380 4468 Of.
399 4417 548 4470 Beckernm
564 4419 582 4467 l.
600 4417 618 4468 l.
637 4418 674 4482 11,
694 4419 718 4483 2,
737 4419 795 4468 329.
921 4467 923 4472 .

274 4511 318 4576 ¹⁴⁴)
337 4509 377 4562 Gt.
396 4509 457 4564 Dio.
475 4512 497 4577 1,
518 4513 565 4576 593
584 4509 712 4578 Pompam
731 4513 765 4564 de
784 4525 819 4562 or.
838 4513 889 4561 tur.
908 4511 929 4577 g.
948 4511 964 4562 3
971 4529 978 4576 3
998 4509 1115 4579 Dionys.
1133 4515 1182 4580 iv,
1201 4520 1240 4568 τι.

1124 4616 1138 4663 'l
