3446 5380
1311 523 1373 587 10⁷

234 696 400 762 consiliari
425 717 490 760 non
516 694 596 759 lieet
622 715 685 778 pro
714 701 805 760 aerio
835 697 1016 778 affirmare3
1051 696 1128 760 audi
1155 697 1257 774 enim,
1295 693 1374 778 quid

233 808 345 874 sobrie
367 805 575 888 Seaaeqraaa
590 811 818 873 annotaverit:
854 807 1058 890 „Dasselbe“
1082 809 1149 892 (se
1180 813 1375 890 quaestores

232 928 310 984 ante
332 919 586 984 decemviratum
608 940 629 983 a
652 919 840 985 oonsulibus
863 928 991 986 creatos
1008 919 1099 1004 esse)
1120 929 1215 1006 „sagi
1230 919 1374 999 Tacitus,

231 1030 343 1096 iridem
365 1052 402 1095 er
424 1031 495 1096 sioh
516 1031 578 1095 auf
598 1030 651 1096 die
673 1031 747 1096 Lex
760 1029 895 1098 Curiata
916 1031 1038 1112 berosi,
1060 1030 1188 1096 welche
1203 1033 1241 1096 L.
1253 1031 1375 1096 Brutrm

232 1142 285 1208 als
312 1151 418 1208 ersier
440 1141 564 1208 Consul
595 1142 806 1228 eingebraohi
833 1143 941 1208 haben
969 1143 1048 1225 soll,
1081 1143 1147 1208 und
1169 1145 1273 1208 werin
1301 1142 1375 1208 dem

233 1254 377 1335 Consul,
401 1262 487 1318 etwa
509 1257 568 1318 mii
589 1254 648 1318 der
671 1254 804 1320 Formel
827 1264 1020 1338 quaestores
1043 1263 1172 1337 creato,
1203 1254 1256 1319 die
1279 1253 1375 1319 Voll-

231 1367 344 1431 msehi
377 1365 508 1430 eriheilt
534 1387 619 1446 war,
653 1367 860 1446 Quaestoren
892 1389 933 1430 au
966 1369 1100 1434 ereiren.
1143 1367 1253 1432 Allein
1284 1366 1375 1432 diosa

231 1477 368 1542 Formei
397 1499 486 1542 muse
513 1478 603 1542 nieht
631 1478 844 1564 noihwendig
874 1499 940 1544 von
972 1482 1063 1546 einer
1095 1480 1377 1565 eigenmiiehtigen

231 1587 436 1675 Emennung
466 1589 526 1654 dor
547 1590 755 1669 Quaestoren
787 1589 891 1657 daroh
925 1591 978 1656 dis
1002 1589 1148 1656 Consuln
1177 1589 1376 1658 verstanden

231 1699 385 1766 werden:
408 1702 458 1766 sie
479 1700 567 1766 kann
587 1703 673 1766 naoh
695 1700 770 1766 dem
792 1702 881 1768 aloen
903 1703 1210 1768 staatsreohtliohen
1230 1701 1378 1788 Spraeh-

233 1813 403 1899 gebraueh
425 1813 510 1878 aueh
532 1815 606 1878 eine
633 1817 755 1879 creatio
782 1835 842 1900 per
870 1815 984 1900 populi
1012 1815 1186 1900 suffragia,
1216 1813 1288 1880 also
1316 1835 1377 1878 nor

234 1927 309 1988 aine
335 1924 479 2008 Leitong
510 1923 570 1989 der
591 1924 785 1990 Volkswahl
817 1925 921 1990 durch
954 1926 1017 1992 den
1046 1925 1170 1992 Consul
1204 1925 1376 1990 bedeoten.

233 2034 280 2101 So
299 2035 426 2099 soheint
435 2033 648 2100 Gracchanus
666 2037 745 2122 jeus
758 2037 891 2102 Formel
913 2039 1043 2123 gesaest
1065 2060 1105 2102 aa
1127 2037 1245 2118 haban,
1268 2036 1377 2102 indam

234 2169 270 2212 er
292 2147 363 2214 sich
386 2146 445 2210 der
466 2146 765 2213 Auedruoksweise
793 2148 964 2236 bediente:
998 2171 1082 2234 quos
1111 2152 1173 2234 ipsi
1198 2169 1287 2231 reyes
1312 2168 1377 2213 non

236 2281 292 2322 sua
315 2279 410 2339 voce,
433 2258 493 2324 sed
514 2259 629 2345 populi
652 2260 809 2346 suffragio
833 2268 992 2326 oraoraai«
1009 2260 1073 2346 ²⁸³).

319 2371 443 2436 Verum
477 2373 574 2436 etiam
612 2374 641 2436 si
669 2372 752 2436 haee
782 2372 932 2438 Tacitum
965 2395 1038 2438 eum
1070 2373 1263 2440 Gracchano
1297 2395 1378 2440 oon·
1487 2413 1489 2415 -

232 2483 365 2548 oiliandi
386 2487 470 2547 ratio
493 2483 588 2548 nobis
611 2484 775 2567 plasmet,
798 2493 907 2548 tomen
928 2486 1031 2550 multo
1054 2487 1174 2552 rectius
1196 2495 1296 2570 atque
1319 2507 1379 2550 ao-

236 2597 383 2660 ouratius
406 2595 557 2660 Tacitum
579 2597 745 2661 rettulisse
769 2596 941 2660 dicendum
964 2605 1069 2680 essei3
1099 2619 1240 2682 namque
1262 2619 1379 2682 quam-

232 2707 291 2772 diu
319 2706 469 2774 consides
499 2709 712 2792 magistratus
741 2707 878 2772 alieuius
906 2707 1098 2774 candidatos
1122 2709 1282 2795 deligam,
1321 2729 1378 2774 soe

236 2825 460 2904 „potestatem
483 2817 675 2904 deligendi“
707 2818 830 2884 habere
857 2820 1066 2884 manifestum
1090 2829 1158 2904 θεῖς
1189 2830 1290 2905 atque
1311 2830 1380 2886 ium

234 2931 365 2996 demum
394 2949 414 2994 a
442 2929 565 3014 populo
595 2932 822 3016 magistratum
852 2930 978 2996 deferri
1006 2935 1089 2998 scite
1119 2932 1262 3015 dixeris,
1307 2955 1379 2998 com

232 3044 305 3127 ipse
327 3042 470 3127 populus
500 3063 578 3106 euos
609 3041 805 3108 candidatos
833 3051 868 3108 ei
890 3043 1037 3130 deligere
1066 3053 1100 3110 ei
1131 3066 1244 3111 creare
1274 3049 1380 3130 possit

234 3175 343 3238 neque
356 3175 436 3219 vero
454 3162 583 3218 tantine
600 3155 764 3239 approbet
783 3155 975 3220 candidatos
988 3157 1210 3224 aeonsulibus
1222 3157 1379 3222 delectae.

321 3265 370 3330 Ut
390 3275 500 3332 autern
524 3289 598 3330 oum
612 3270 838 3350 antiquissimo
863 3272 910 3333 rei
932 3269 1084 3355 publicae
1099 3270 1268 3334 Romanae
1291 3279 1380 3336 siaiu
1392 3256 1414 3296 ⁹

233 3381 338 3464 magis
360 3381 512 3464 congruit
531 3399 571 3443 oa
587 3382 712 3464 opinio,
736 3401 802 3464 qua
828 3389 1022 3464 quaestores
1044 3403 1112 3446 noo
1131 3403 1152 3446 a
1173 3382 1298 3467 populo
1319 3381 1380 3448 sed

233 3513 255 3556 a
276 3491 412 3578 regibus
443 3499 571 3556 creatos
602 3512 676 3556 esse
706 3493 918 3575 arbitramur,
951 3496 998 3560 ita
1027 3493 1215 3559 oonsulibus
1246 3515 1380 3579 qaoque

235 3624 340 3686 usque
360 3604 402 3667 ad
420 3602 673 3668 decemviratum
692 3606 779 3670 illam
796 3614 995 3691 potestatem
1014 3609 1172 3674 mansisse
1192 3629 1256 3672 non
1274 3590 1379 3672 minus

234 3717 306 3780 veri
336 3714 440 3779 simile
469 3725 528 3780 est.
573 3715 703 3781 Etenim
734 3717 892 3801 quidquid
916 3719 958 3782 de
981 3718 1131 3783 civilibus
1161 3723 1231 3783 eius
1262 3720 1380 3783 aetatis

234 3825 340 3890 turbis
364 3836 565 3911 compertum
588 3827 763 3908 habemus,
786 3828 863 3894 inde
887 3829 1076 3894 vehemenii
1098 3832 1274 3908 sartamine
1297 3851 1380 3915 opus

193 3967 194 3972 ¹
235 3938 339 4004 fuisse
361 3938 534 4020 doeemur,
563 3939 668 4004 donee
691 3939 732 4004 de
755 3943 847 4025 regio
869 3943 1007 4025 imperio
1028 3940 1070 4004 ad
1094 3940 1246 4006 consulas
1269 3949 1379 4007 trans-

235 4050 305 4113 lato
335 4049 570 4134 aliquantulum
598 4051 793 4117 demeretur.
838 4053 1040 4131 Quaestoree
1064 4060 1180 4116 autem
1209 4073 1314 4136 usque
1336 4052 1379 4116 ad

235 4162 343 4247 legem
365 4161 532 4226 Valeriam
554 4163 724 4227 Horatiam
750 4165 889 4230 comitiis
912 4167 1044 4230 curiatis
1057 4161 1113 4248 988)
1137 4164 1191 4229 vel
1213 4166 1378 4228 centuria-

234 4340 340 4348 ..——--

326 4411 371 4496 ²⁸r)
389 4433 423 4482 L.
442 4434 459 4482 1.
479 4434 514 4497 11,
536 4435 592 4482 140.
612 4437 704 4482 annor.
725 4436 747 4482 1.

325 4527 370 4593 ²⁸⁸)
390 4525 521 4581 Niebuhr.
539 4528 556 4576 1.
576 4529 594 4577 1.
613 4527 635 4592 Ι,
654 4528 717 4592 583;
737 4525 847 4580 Becker.
866 4529 882 4577 l.
902 4529 974 4593 1.11‚
994 4531 1018 4594 2,
1037 4527 1095 4580 342.
