3446 5380
1266 500 1325 566 111

187 674 280 732 stura
301 669 394 734 nobis
417 669 550 752 reliquit
571 691 634 739 nen
654 689 693 734 ea
712 680 797 752 eunt,
819 681 856 736 ut
873 693 946 736 eum
965 674 1105 756 priscam
1116 671 1328 757 reipublicae

187 781 356 849 Romanae
371 783 510 846 formam
526 773 628 866 prave
644 785 833 867 percepisse
846 783 1138 848 meritoaidrmare
1149 781 1328 851 videamur.

738 1007 776 1073 B.

274 1149 455 1230 Postquam
477 1146 585 1212 'faciti
614 1145 655 1212 de
687 1155 864 1232 quaestura
892 1152 1110 1214 narrationem
1140 1169 1213 1218 curu
1242 1154 1330 1214 anti-

186 1261 346 1344 quissima
374 1261 423 1322 rei
451 1259 603 1344 publicae
624 1259 793 1325 Romanae
822 1262 947 1343 forma,
980 1270 1136 1344 quantum
1166 1281 1206 1326 ea
1235 1262 1329 1327 nobie

184 1380 268 1436 nota
290 1381 360 1450 est,
382 1371 467 1435 bene
491 1392 671 1457 congruere
695 1376 804 1436 eonati
826 1393 937 1437 sumus
959 1373 1199 1456 demonstrare3
1226 1375 1330 1440 restat

184 1485 293 1549 altera
321 1487 472 1568 quaestio
508 1483 732 1549 discutiendae
770 1488 917 1571 possitne
948 1505 990 1551 ex
1022 1488 1153 1571 seriptis
1181 1495 1330 1550 veterum

184 1605 356 1661 auctorum
387 1598 482 1662 nobis
511 1598 650 1661 servatis
678 1617 738 1682 pro
761 1605 853 1662 certo
876 1597 1053 1679 enucleari,
1084 1618 1149 1682 quo
1173 1619 1215 1664 ex
1238 1599 1330 1663 fonte

184 1707 340 1790 Tacitus,
364 1727 436 1772 cum
461 1707 502 1772 de
524 1717 703 1792 quaestura
724 1709 901 1792 scriberet,
925 1711 1081 1774 hauserit.
1157 1726 1159 1732 ·

276 1819 374 1899 Quod
403 1821 527 1903 siquis
555 1823 587 1883 in
615 1823 718 1884 nostri
746 1820 811 1886 loci
838 1821 948 1886 fontes
972 1824 1137 1905 inquirere
1159 1823 1330 1906 cupiverit,

183 1931 344 1996 facillime
366 1953 445 1996 suae
469 1931 655 2016 cupiditatis
667 1936 795 1998 veniam
812 1935 960 2017 aquovis
982 1935 1186 2018 impetrabit3
1209 1935 1328 1998 etenim

185 2065 263 2107 cunr
287 2043 351 2107 alia
362 2043 470 2107 Taciti
492 2046 622 2106 omnino
644 2047 778 2128 propria
800 2047 881 2123 sint,
904 2045 969 2109 alia
992 2067 1011 2108 a
1034 2045 1169 2128 reliquie
1188 2049 1329 2130 scripto-

184 2157 279 2220 ribus
301 2175 436 2241 prorsus
453 2155 623 2236 differant,
646 2153 796 2220 Tacitum
818 2177 882 2219 non
906 2155 1039 2220 cosdem
1063 2175 1102 2220 ac
1116 2155 1330 2220 &centanam

186 2269 311 2334 mium
344 2267 529 2350 Dionysiam
559 2268 763 2351 Pomponiam
793 2268 994 2332 Plutarchum
1026 2267 1167 2332 Gorsium
1196 2269 1329 2333 Dionem

186 2391 336 2448 secutum
361 2403 434 2446 esse
458 2389 610 2446 auctores
632 2388 779 2466 apparet.

275 2491 471 2578 Nuperrime
494 2496 592 2576 igitur
618 2493 701 2556 urta
724 2493 807 2556 Duo.
831 2493 927 2558 Sento
942 2491 997 2576 ³⁰¹)
1019 2495 1191 2579 Pomponii
1216 2495 1329 2559 enchi-

166 2589 310 2688 ridion,
341 2609 432 2670 cuius
461 2606 679 2690 fragmentum
706 2609 739 2668 in
768 2605 905 2690 digestis
935 2614 1101 2684 servatur,
1132 2604 1329 2670 eVarronie

190 2717 281 2782 libris
309 2715 380 2780 XV
408 2716 450 2780 de
482 2719 551 2780 iure
581 2717 669 2780 civili
690 2715 873 2800 deperditis
896 2737 970 2782 csse
994 2717 1177 2782 derivatum
1209 2739 1327 2804 magna

189 2849 262 2894 cum
285 2829 405 2894 fiducia
427 2827 603 2893 contendit
647 2827 758 2911 Atque
790 2837 862 2891 cunr
891 2832 923 2892 in
946 2829 1138 2894 disserendo
1167 2833 1265 2895 etiam
1289 2829 1330 2894 de

187 2939 306 3004 Tacito
329 2957 569 3022 nonnumquam
583 2940 613 3001 ei
626 2937 798 3002 dicendum
816 2941 874 3018 sit,
897 2947 1043 3003 nostrum
1064 2959 1196 3023 quoque
1214 2951 1331 3005 aucto·

185 3075 258 3119 rem
271 3051 429 3137 quidquid
441 3051 483 3115 de
495 3053 636 3135 antiquis
653 3051 752 3116 rebus
764 3051 930 3116 rettulerit
942 3051 1121 3116 Varroni
1136 3051 1257 3118 debere
1269 3073 1330 3136 pro

187 3174 282 3231 certo
304 3165 487 3228 asseverat·
520 3159 588 3228 Sed
609 3170 754 3226 nostram
778 3165 1082 3226 commentationem
1106 3166 1150 3226 ita
1173 3181 1332 3228 coercea-

185 3299 262 3342 mus
291 3285 438 3362 oportet,
473 3283 526 3354 ut,
561 3294 626 3357 quo
653 3273 752 3337 modo
775 3273 874 3338 Senio
905 3274 946 3339 de
969 3285 1166 3359 quaesturae
1196 3277 1331 3340 historia

147 3412 151 3424 ·
186 3395 435 3471 argumentatus
457 3390 516 3466 sit,
539 3386 727 3471 diligentius
751 3389 983 3451 examinemus.

277 3499 323 3562 At
344 3501 434 3582 prius
458 3519 554 3582 quam
576 3497 668 3560 adid
695 3519 747 3562 me
771 3501 953 3583 accingam,
976 3499 1088 3563 fecere
1110 3521 1175 3563 non
1196 3483 1331 3584 possum

187 3615 269 3699 quin
292 3614 419 3676 veniam
442 3631 494 3692 eo,
517 3629 583 3694 quo
603 3629 658 3672 me
681 3629 745 3672 non
766 3609 931 3693 cupiditas
955 3604 1137 3692 ducit‚'scd
1160 3611 1253 3677 tides.

278 3723 377 3790 Senio
400 3725 484 3786 enim
507 3724 736 3804 antiquitatum
759 3719 981 3784 Romanarum
1004 3725 1162 3808 imagines
1186 3719 1331 3788 a·'Pacito

189 3841 238 3900 ite
259 3833 468 3898 adumbratas
492 3853 567 3896 esse
589 3841 698 3916 putat,
733 3841 769 3894 ut
797 3851 869 3895 eum
899 3835 933 3896 in
957 3836 1088 3918 priscae
1110 3838 1159 3898 rei
1181 3836 1332 3919 publicae

190 3947 361 4011 Romame
383 3952 440 4008 eut
460 3944 599 4008 formam
628 3951 685 4007 aut
713 3947 901 4008 memoriam
929 3947 1062 4029 proprio
1089 3948 1195 4030 ipsum
1224 3945 1332 4010 studio

1319 4045 1337 4083 Q

197 4163 501 4180 ...Μ’-ψ...-
507 4163 578 4169 -ῳ-
585 4161 966 4170 ----——--·——----
976 4158 1332 4170 o—W—*b———n--a-—a-k-

280 4298 324 4366 ⁸⁰¹)
344 4297 540 4368 „Varroniano
565 4301 593 4348 in
617 4298 671 4349 den
693 4296 830 4348 Schriften
855 4298 903 4348 der
926 4298 1078 4348 romischen
1101 4298 1236 4364 dunsten,
1265 4314 1333 4349 vor-

194 4395 327 4446 nehmlich
352 4411 386 4446 en
411 4396 470 4446 dem
496 4393 670 4444 Euchiridion
700 4394 748 4444 des
776 4391 942 4465 Pomponius
972 4395 1180 4446 naehuuweisen
1204 4394 1333 4444 versucht

194 4505 249 4541 von
267 4487 377 4543 Friedr.
396 4488 471 4542 Dan.
489 4487 582 4542 Samio.
601 4489 722 4554 Leipzig.
742 4490 834 4539 istiu
853 4503 879 4552 p.
899 4488 971 4538 XIIl.
