3484 5374
1250 506 1290 574 ΙΙ

160 693 231 776 quin
258 691 506 756 commentarios
536 687 578 754 do
605 685 694 752 hallo
721 683 850 752 Gallico
882 693 1034 751 accurata
1063 685 1107 750 ait
1137 703 1291 768 perscru-

159 809 251 867 tatus.

238 911 441 994 Nouasque
464 910 567 994 liquet
594 930 661 993 quo
682 909 781 975 modo
804 907 942 974 minsas
969 908 1121 974 historias
1143 909 1177 971 in
1198 925 1292 971 suum

159 1045 247 1090 usum
270 1025 476 1090 converterit
498 1022 617 1106 Neque
640 1024 724 1088 snim
746 1022 833 1108 fugit
854 1023 942 1085 uiros
964 1019 1091 1101 domos,
1112 1038 1198 1101 quse
1216 1017 1292 1082 Vn·

157 1137 244 1218 pitius
264 1135 386 1222 Georg.
409 1134 476 1217 ΠΙ,
498 1135 571 1200 356.
593 1134 658 1199 did
680 1153 753 1218 sqq.
775 1134 817 1199 de
841 1132 978 1214 Scythia,
1008 1131 1158 1195 Horutiur
1186 1127 1293 1194 Germ.

158 1245 350 1330 111,24,11
376 1267 449 1331 sqq.
471 1246 514 1314 da
539 1245 624 1311 Getis
652 1247 816 1327 referant,
846 1247 961 1309 mirum
989 1247 1023 1308 iu
1049 1242 1184 1308 modum
1212 1261 1294 1306 conf·

158 1364 262 1426 cinere
284 1359 339 1424 uel
360 1362 393 1424 in
416 1357 553 1446 singulis
575 1358 771 1444 quibusdam
790 1358 900 1423 verbis
917 1377 991 1422 cum
1008 1358 1049 1421 iis
1062 1375 1147 1439 quse
1159 1353 1293 1418 Tacitus

160 1471 266 1537 Germ.
292 1473 376 1536 16-
393 1473 443 1535 26.
465 1473 587 1556 possim
616 1469 726 1535 tradat
755 1469 798 1536 ds
823 1469 993 1534 amose.
1038 1468 1090 1533 Ac
1118 1486 1225 1552 nuper
1251 1465 1293 1532 de

158 1587 217 1652 hac
238 1605 274 1651 re
296 1584 483 1650 acutissime
513 1583 669 1649 disseruit
694 1583 753 1646 Th.
782 1579 1103 1663 warenensem),
1136 1582 1194 1664 qui
1221 1597 1295 1643 me-

158 1696 345 1764 morabilem
366 1695 456 1762 illurn
480 1713 689 1776 consensum,
711 1697 740 1760 si
764 1715 876 1760 omnes
899 1713 991 1759 suam
1013 1695 1232 1758 narrationem
1250 1711 1295 1756 ex

159 1831 219 1874 uno
242 1817 340 1893 atque
369 1808 485 1874 eodem
513 1829 621 1873 rerum
651 1810 792 1894 sriptore
815 1805 1059 1892 deprompsisse
1082 1803 1294 1882 concesseris,

158 1923 235 1984 satis
259 1919 417 2004 explicari
438 1927 528 1984 recte
550 1919 695 1984 affirmat
724 1918 881 2001 illumque
913 1917 1036 1982 nullum
1062 1915 1161 1980 alium
1191 1915 1295 1978 fuisse

158 2034 218 2096 nisi
240 2030 429 2097 Sallustium
452 2031 541 2096 clara
563 2033 810 2097 ratiocinatione
839 2031 1048 2099 demonstrat.
1092 2029 1195 2115 Atqui
1219 2028 1295 2095 Sal-

158 2143 274 2208 lustius
296 2145 328 2205 in
350 2145 449 2208 tertio
471 2143 678 2208 historiarum
701 2141 795 2223 libro,
818 2163 883 2226 quo
906 2141 1027 2206 bellum
1041 2140 1295 2206 Mithridaticum

158 2256 319 2336 tractavit,
331 2257 487 2341 gentium
508 2275 613 2341 prope
624 2255 766 2320 Pontum
787 2253 1001 2322 habitantium
1014 2256 1136 2318 victum
1155 2253 1296 2317 cultum-

159 2387 222 2450 que
244 2387 285 2430 ac
312 2387 420 2430 mores
452 2365 535 2430 adeo
564 2367 699 2450 copiose
728 2365 964 2450 descripserat,
998 2373 1034 2428 ut
1061 2364 1143 2430 haec
1170 2385 1246 2449 pars
1276 2385 1296 2426 a

160 2477 326 2542 veteribus
355 2479 488 2562 proprio
522 2480 650 2542 nomine
684 2476 752 2561 ,de
782 2479 846 2542 situ
869 2479 1035 2542 Pontico“
1059 2477 1113 2541 vel
1146 2479 1201 2562 „in
1232 2479 1296 2541 situ

85 2677 87 2680 Ι
159 2589 276 2653 Ponet
300 2587 496 2656 laudaretur.
540 2589 615 2652 Hoc
644 2595 786 2654 excursu
816 2599 931 2654 auctor
959 2589 1014 2654 ille
1047 2590 1296 2654 florentissimus

159 2709 192 2762 et
206 2701 358 2786 regiones
374 2699 414 2763 in'
425 2698 544 2783 quibus
563 2697 683 2764 bellum
702 2710 831 2786 gestum
849 2710 948 2781 esset,
972 2709 1005 2766 et
1023 2704 1130 2768 socias
1148 2702 1297 2765 nationes

159 2810 276 2892 quibus
298 2817 414 2876 auctus
435 2809 644 2876 Mithridates
660 2821 728 2876 tam
747 2810 801 2875 diu
824 2812 944 2877 bellum
965 2811 1127 2893 duxisset,
1150 2812 1299 2877 voluerat

158 2922 314 2987 indicare.
339 2921 422 2988 Cum
434 2924 533 3009 igitur
541 2923 722 2990 Bastarnae
732 2923 853 3006 aliique
862 2921 1098 2989 Germanorum
1109 2923 1298 3010 populi¹⁸⁷),

158 3036 320 3120 Scythae,
344 3034 451 3100 Getae
474 3036 630 3102 Sallustio
653 3035 926 3103 commemorandi
954 3014 1091 3116 fuerint,
1123 3045 1156 3100 et
1178 3035 1299 3119 Vergi-

156 3147 235 3211 lium
256 3155 293 3212 et
314 3147 487 3212 Horatium
512 3157 546 3212 et
566 3147 716 3213 Tacitum
745 3168 838 3212 suam
859 3167 1022 3230 quemque
1045 3147 1297 3230 descriptionem

157 3256 234 3322 inde
275 3261 455 3344 sumpsisse
494 3260 573 3323 nihil
607 3267 731 3325 temere
764 3259 937 3344 colligitur.
991 3258 1066 3322 Hac
1098 3266 1193 3322 tenus
1226 3278 1300 3320 cum

157 3367 398 3434 Wiedemanno
428 3373 557 3434 omnino
587 3373 816 3434 consentimus.
866 3369 913 3432 Ar
944 3371 973 3433 si
1002 3376 1179 3455 propterea
1209 3368 1300 3452 quod

157 3479 305 3563 Tacitus,
328 3501 413 3565 quae
427 3480 592 3566 Vergilius
616 3481 658 3546 de
681 3481 825 3566 Scythis,
850 3480 891 3546 de
904 3479 999 3546 Getis
1014 3479 1171 3546 Horatius
1194 3482 1301 3564 scrip-

157 3594 278 3674 serint,
301 3591 412 3657 inille
435 3591 673 3658 Germanorum
695 3596 791 3679 quasi
813 3595 955 3682 imagine
978 3595 1200 3674 coniunxerit,
1224 3593 1301 3659 Sal-

155 3701 291 3769 lustium
314 3725 447 3790 quoque
468 3705 525 3776 illa
544 3708 652 3770 omnia
668 3705 711 3772 de
723 3705 897 3774 Germanis
919 3709 1094 3778 memoriae
1116 3704 1301 3790 prodidisse

247 4032 292 4099 ιθ’)
312 4033 422 4099 „Ueber
447 4036 507 4084 sine
526 4031 622 4096 Quelle
646 4049 700 4084 von
718 4035 831 4085 Tacitus
856 4031 1017 4084 Germanla“
1041 4035 1069 4083 in
1088 4033 1302 4098 „Forsehungen

157 4141 210 4177 nur
232 4127 389 4180 Deutschen
413 4127 594 4180 Geschichte“
618 4129 671 4178 vol.
696 4127 744 4178 IV.
772 4127 893 4192 Gotting.
921 4129 994 4178 1864.
1022 4141 1048 4191 p.
1069 4127 1224 4178 171-194.
1260 4123 1300 4174 Gt.

156 4221 300 4276 Krittt'us:
318 4223 407 4275 Germ.
426 4223 552 4289 Prolegg.
572 4239 594 4273 c.
613 4223 633 4272 1.
654 4239 679 4287 p.
699 4225 715 4275 6
733 4237 772 4286 sq.

248 4315 293 4382 ¹⁶⁷)
302 4319 363 4368 Duo
370 4317 493 4370 Sallustii
502 4319 654 4382 fragmenta
664 4321 783 4381 exstant,
793 4313 891 4380 qulbus
900 4326 961 4366 enm
971 4315 1003 4366 de
1008 4313 1150 4366 Germanis
1160 4317 1301 4380 scripsisse

156 4412 304 4476 probatur:
323 4410 637 4477 nisr,111‚or.(1(rrrz.):
656 4410 803 4477 „Germani
812 4413 904 4460 cetera
915 4412 1033 4459 intutum
1042 4408 1189 4458 renonibus
1202 4424 1301 4475 corpus

156 4505 275 4571 aeguum
294 4510 323 4557 et
340 4505 410 4556 Hlst
429 4505 477 4571 111,
496 4505 544 4557 ss:
562 4509 672 4571 „vestas
691 4504 861 4570 dapsilibus
879 4517 994 4554 reuoum
1011 4502 1172 4554 necantur.“
