3446 5380
1328 577 1391 640 119

254 749 360 831 ipsum
372 747 587 831 Pomponium
604 744 646 830 (ἓ.
660 747 724 829 15.)
742 747 931 830 etreliquos
952 768 1083 830 quoque
1104 747 1194 810 locos
1212 769 1231 810 a
1247 745 1391 811 Sanione

254 858 405 922 laudatos
434 857 573 944 legimus
593 853 730 922 ¹Brutum
754 859 907 922 tri-bunum
929 859 1061 923 ecloum
1082 879 1178 944 reges
1203 855 1391 944 expellendi

254 972 420 1036 exstitisse
435 977 611 1035 auctorem.
645 969 683 1034 Id
707 991 804 1034 unum
825 970 986 1036 vocabula
1006 971 1063 1036 illa
1081 976 1190 1034 uuotcr
1208 978 1241 1035 et
1258 969 1391 1034 auctom-

252 1087 301 1146 tur
322 1083 385 1147 sibi
406 1082 529 1146 volunt.
1206 1066 1209 1072 ¹

339 1193 474 1258 Tacitus
492 1214 572 1258 vero
590 1216 655 1259 non
672 1195 867 1258 tribunicium
887 1194 993 1278 legem
1017 1196 1161 1259 nominat
1182 1193 1243 1259 sed
1264 1194 1391 1257 curin-

254 1311 346 1385 tcm,
369 1325 466 1388 qnam
488 1301 531 1369 ad
547 1326 645 1390 reges
662 1305 828 1371 eiciendos
850 1306 929 1371 nihil
951 1307 1149 1391 pertinuisse
1172 1327 1215 1370 ex
1230 1303 1391 1368 adiunctis

252 1417 363 1481 verbis
386 1417 450 1498 „ab
473 1415 509 1479 L.
532 1417 631 1481 Bmtc
653 1417 850 1500 repetitc“
877 1418 992 1482 elucet.
1037 1417 1085 1482 Ut
1106 1422 1206 1506 igitur
1229 1418 1391 1483 diversam

251 1527 504 1614 appellationem
518 1532 834 1614 praetermittamus,
857 1532 1009 1594 muctam
1029 1531 1137 1618 legem
1151 1535 1312 1616 repetitum
1326 1555 1392 1601 non

251 1640 346 1706 aliter
367 1641 586 1728 intellegimus
604 1661 702 1725 quam
719 1649 756 1706 ut
773 1642 944 1708 consulare
959 1645 1145 1730 imperium,
1169 1646 1289 1730 quoda
1301 1647 1405 1734 regi-'

251 1753 313 1818 bus
329 1752 371 1819 ad
390 1752 514 1818 liberae
532 1756 581 1818 rei
600 1755 751 1840 publicae
770 1753 921 1820 consules
939 1756 1132 1822 translatum
1151 1766 1231 1838 erut,
1254 1760 1391 1824 comitiis

252 1865 383 1928 curiatis
412 1885 433 1928 a
453 1864 577 1951 populo
607 1865 755 1930 Romano
787 1867 1009 1931 confirmatum
1039 1889 1113 1933 esse
1146 1877 1246 1953 atque
1273 1872 1390 1934 iccirco

250 1978 335 2040 inter
356 1975 524 2041 consulum
553 1979 624 2040 iura
653 1969 749 2042 etiam
773 1986 983 2060 quaestorum
1006 1980 1218 2045 creandorum
1239 1988 1391 2066 potesta·
1452 1957 1458 1970 .

251 2095 318 2152 tem
338 2089 441 2154 tuisse
463 2109 663 2154 censeamus.

336 2199 453 2284 Itaque
474 2201 536 2266 bac
558 2222 689 2286 quoque
715 2205 749 2266 in
781 2223 817 2268 re
843 2205 928 2269 inter
948 2204 1163 2290 Pomponium
1188 2214 1220 2270 et
1240 2205 1390 2271 Tacitum

200 2293 203 2298 ⁵
250 2312 386 2378 multum
408 2315 568 2378 interesse
589 2334 651 2378 nec
664 2313 813 2392 Sunioni,
836 2322 873 2379 ut
887 2318 1064 2400 utriusque
1086 2325 1251 2382 auctorem
1263 2316 1391 2381 Varro-

251 2445 324 2489 nem
346 2425 595 2506 demonstraret,
622 2427 799 2511 contigisse
822 2427 1115 2512 comprobavimus.

335 2537 387 2602 Ne
409 2558 472 2622 ego
495 2539 661 2618 incautus,
689 2539 745 2622 qui
763 2559 834 2602 cum
849 2539 929 2602 iuris
941 2538 1089 2603 consulto
1102 2547 1136 2602 et
1148 2538 1263 2603 eodem
1279 2561 1390 2625 gram-

249 2649 368 2712 matico
391 2646 548 2733 congredi
576 2655 713 2712 conatus
736 2647 813 2713 siml
846 2648 898 2714 Ac
919 2657 1029 2714 tamen
1052 2650 1216 2732 ultimum,
1240 2671 1305 2734 quo
1328 2650 1390 2715 ad-

249 2759 311 2822 huc
333 2761 446 2822 nititur
469 2757 619 2824 Sanionis
641 2763 898 2846 argumentatio,
920 2760 1149 2828 adminiculum
1172 2763 1390 2828 labefactabi-

141 2861 144 2867 ’
248 2891 329 2937 mus.
376 2869 554 2936 Contendit
576 2873 660 2936 enim
682 2874 760 2956 iste,
784 2893 868 2955 quae
886 2872 1066 2938 aVarrone
1079 2874 1194 2939 Tacito
1207 2877 1391 2961 Pomponio

249 2983 290 3048 de
313 2991 522 3068 quaestorum
546 2986 741 3069 magistratu
763 3006 827 3048 uno
855 2985 1054 3070 bipartitove
1076 2985 1262 3068 tradantur,
1293 2988 1391 3052 facile

190 3080 197 3098 ⁹
248 3095 333 3159 inter
350 3115 425 3160 sese
438 3093 604 3158 conciliari
620 3094 872 3178 necquidquam
887 3095 1047 3180 impedire
1063 3118 1128 3181 quo
1140 3100 1244 3162 minus
1257 3097 1391 3162 Tacitus

248 3227 288 3269 ac
302 3207 503 3291 Pomponius
527 3227 603 3272 suas
626 3203 668 3270 de
691 3214 868 3289 quaestura
889 3210 1092 3274 narrationes
1104 3207 1245 3273 Varroni
1268 3209 1390 3275 debere

252 3320 489 3383 existimentur.

334 3427 403 3495 Sed
432 3449 565 3514 quoquc
592 3429 721 3494 illorum
749 3429 846 3494 trium
884 3431 1078 3516 scriptorum
1113 3430 1203 3496 locos
1235 3431 1389 3516 volveris,

248 3523 377 3627 semper
399 3541 485 3606 idem
513 3545 677 3624 invenies,
705 3541 889 3609 Varronem
912 3553 945 3608 et
967 3542 1117 3608 Tacitum
1147 3542 1190 3610 de
1213 3553 1390 3629 quaestura
1460 3591 1462 3594 -

247 3663 411 3737 tamquam
428 3675 492 3718 uno
506 3653 689 3738 eodemque
711 3656 904 3740 magistratu
926 3654 1033 3738 loqui,
1056 3653 1271 3742 Pomponium
1285 3676 1390 3740 quae-

247 3774 353 3832 stores
376 3767 493 3860 cerarii
516 3763 638 3832 diserte
656 3787 676 3830 a
695 3767 925 3850 quaestoribus
943 3767 1108 3851 parricidii
1119 3767 1322 3854 distinguere
1340 3789 1389 3847 ac,

246 3899 287 3942 ne
310 3877 368 3941 ulli
390 3877 585 3943 dubitationi
607 3877 698 3943 locus
720 3877 940 3961 relinquatur,
964 3877 1110 3964 singulas
1133 3880 1263 3961 utrique
1284 3881 1389 3964 magi-

247 3991 363 4056 stratui
383 3989 609 4076 paragraphus
632 3989 784 4055 tribuere.
816 3988 939 4054 Contra
949 3992 1099 4076 argutius
1112 3988 1211 4056 Senio
1227 3991 1274 4053 ita
1285 3993 1389 4055 inter·

246 4108 393 4186 pretatur
407 4097 479 4182 '¹⁸):
510 4099 633 4184 „Wecu
655 4101 711 4164 der
731 4101 831 4166 Jurist
853 4102 902 4164 die
924 4083 1100 4186 quaestores
1125 4103 1278 4179 (cerami)
1311 4103 1390 4185 „qui

242 4211 394 4294 pecuniae
412 4211 555 4296 publicae
567 4212 768 4295 proeessect“
792 4213 857 4276 uad
871 4213 920 4276 die
936 4220 1112 4298 quaestores
1125 4195 1292 4297 parricidii
1318 4215 1389 4298 ,qui
