3484 5374
310 491 388 570 a

346 667 488 736 Hellusii
508 669 607 736 tidem
628 679 703 738 sunt
724 679 825 755 atquc
846 671 1034 736 Hilleoc'oaca
1056 670 1293 737 Soaudinatiae
1304 691 1386 754 gena
1397 669 1488 756 apud

346 779 481 847 Plinium
512 781 566 862 (N.
588 781 631 848 H.
653 781 712 864 IV,
736 783 800 866 aa)
819 782 877 864 ¹⁶³).
922 781 1005 849 Cum
1025 785 1066 849 iis
1088 803 1174 866 quae
1196 782 1238 849 de
1260 782 1420 848 Hellusiis
1450 791 1487 848 et

347 889 531 962 Oxionibus
552 892 704 960 fabulosa
726 893 861 960 Tacitus
882 894 1033 961 audierat
1048 891 1109 976 ¹⁸⁴),
1132 895 1229 958 Plau
1249 894 1343 959 locus
1366 893 1417 976 (N.
1441 893 1485 958 Η.

346 1001 404 1083 IV,
418 1002 483 1085 95.)
505 1011 617 1089 potest
639 1005 798 1072 conferri:
821 1005 999 1084 (Feruntur
1007 1005 1147 1088 insulae)
1172 1007 1224 1090 „iu
1247 1005 1367 1090 quibus
1390 1007 1486 1090 aqui-

346 1116 397 1180 nis
417 1114 559 1199 pedibus
580 1115 728 1184 homines
749 1125 925 1184 nascantur
946 1117 1164 1203 Hippopodas
1184 1117 1353 1203 appellati,
1374 1117 1487 1184 Fane-

347 1228 468 1302 siorum
496 1227 580 1294 aliae
609 1230 643 1294 in
672 1228 791 1311 quibus
822 1228 908 1292 nuda
936 1229 1058 1312 alioqui
1093 1249 1232 1315 corpora
1263 1228 1486 1320 praegrandes

346 1338 491 1423 ipsorum
512 1360 610 1405 aures
632 1347 704 1405 tota
725 1344 928 1425 contegant“

906 1573 956 1580 -....
961 1572 1018 1580 —--

434 1749 685 1838 Comparatione
707 1754 953 1819 inter'l'acitum
976 1761 1009 1820 et
1030 1749 1174 1838 reliquos
1187 1772 1294 1816 rerum
1310 1751 1486 1838 scriptores

348 1862 534 1948 singulatim
557 1867 706 1929 instituta
726 1887 791 1930 non
812 1885 988 1949 possumus
1010 1886 1074 1929 non
1096 1863 1228 1949 plurimi
1249 1864 1361 1928 facere
1383 1859 1487 1926 nostri
1566 1855 1574 1866 '

348 1976 491 2038 auctoris
514 1973 693 2038 doctrinam.
737 1973 872 2070 Etenim¹
892 1995 977 2058 quae
1000 1975 1041 2038 de
1063 1974 1207 2039 moribus
1229 1975 1386 2038 institutis
1408 1970 1487 2036 reli-

348 2083 497 2168 gionibus
521 2105 593 2150 cum
617 2088 757 2151 omnium
770 2085 1007 2152 Germanorum
1018 2095 1086 2150 tum
1099 2082 1300 2172 singularum
1321 2087 1488 2149 nationum

250 2183 252 2187 ⁵
347 2195 442 2260 abeo
457 2198 684 2281 proferuntur,
705 2221 771 2264 non
783 2198 887 2264 solum
905 2201 1107 2280 accuratiora
1119 2197 1401 2282 explicatioraque
1414 2202 1488 2260 sunt

349 2327 446 2391 quam
469 2318 651 2374 ceterorum
674 2312 869 2395 scriptorum
890 2313 1111 2390 narrationes,
1134 2307 1194 2374 sed
1220 2310 1319 2373 ctiam
1340 2307 1488 2392 plerum-

349 2440 413 2503 que
437 2420 565 2484 omnino
587 2439 674 2482 nova
697 2427 730 2482 et
751 2418 824 2483 aliis
846 2421 1027 2504 incognita;
1056 2421 1198 2483 maxime
1221 2438 1383 2484 verucae
1405 2441 1488 2505 gen-

350 2538 401 2596 tes
424 2529 660 2594 Germanorum
684 2550 770 2612 quae
793 2532 951 2594 orientem
974 2537 1008 2594 et
1028 2528 1197 2594 meridiem
1219 2549 1335 2594 versus
1358 2529 1489 2594 habita-

349 2639 438 2721 bant,
462 2641 628 2724 copiosius
650 2645 839 2704 tractantur.
878 2639 1036 2722 Quisquis
1057 2641 1156 2725 igitur
1177 2641 1335 2704 maiorum
1356 2647 1491 2706 nostro-

350 2771 420 2812 rum
454 2751 681 2832 antiquitatem
721 2751 908 2814 examinare
949 2749 1105 2831 voluerit,
1144 2749 1207 2814 hoc
1240 2745 1347 2814 Taciti
1379 2749 1490 2814 libello

350 2879 485 2944 prorsus
506 2881 572 2924 non
593 2864 716 2946 poterit
738 2881 877 2933 carere„

436 2967 506 3034 lam
528 2990 609 3034 vcro
632 2970 825 3035 difficillima
846 2973 1012 3054 quaestio,
1045 2973 1101 3054 qui
1115 2972 1221 3050 sontes
1242 2969 1286 3034 ad
1308 2969 1426 3034 librum
1449 2968 1491 3034 da

351 3079 528 3145 Germania
555 3081 762 3145 scribendum
790 3079 905 3146 Tacito
932 3081 1229 3166 praeemineant,
1261 3079 1356 3144 uobis
1378 3079 1491 3142 discu-

350 3190 463 3256 tienda
484 3193 555 3255 erit
599 3191 711 3274 Atque
734 3211 777 3258 ex
800 3191 988 3258 auctoribus
1010 3193 1068 3274 qui
1088 3200 1165 3256 ante
1185 3211 1262 3254 eum
1284 3189 1326 3254 de
1349 3189 1491 3256 Germa-

350 3303 405 3366 nia
426 3305 644 3388 scripserant,
672 3305 796 3388 prinms
827 3303 943 3366 cuasa
964 3302 1180 3368 nominandus
1201 3311 1268 3384 est,
1297 3319 1491 3386 quemoum

351 3414 423 3498 ipse
445 3413 579 3479 Tacitus
602 3435 630 3478 e.
652 3417 704 3480 28.
725 3417 914 3480 nominatim
935 3415 1049 3490 laudet
1066 3413 1128 3498 ¹⁶⁵),
1152 3435 1218 3478 non
1239 3413 1318 3480 licet
1340 3411 1490 3479 dubitare

353 3587 455 3596 ---—-
463 3587 728 3596 ..---—---------.
738 3591 740 3595 .
750 3591 766 3595 .-
793 3592 800 3596 .
814 3591 824 3596 ..
833 3592 838 3595 .
846 3591 908 3596 -.--,>
919 3589 948 3598 ..ς
962 3588 1218 3596 ....--.....-...-ο--.
1234 3589 1315 3595 --.--..
1325 3586 1488 3594 .------

441 3702 484 3772 ¹⁶⁸)
502 3707 570 3760 Eam
588 3712 750 3761 sententiam
768 3713 861 3762 tuetur
879 3705 1009 3761 Zcuasiaa
1025 3709 1042 3758 l.
1061 3710 1078 3758 l.
1097 3723 1122 3774 p.
1144 3711 1183 3759 77.
1451 3773 1454 3782 ‚

439 3799 484 3869 1θ’)
501 3801 641 3854 Hellusios
659 3807 688 3854 et
704 3801 826 3854 Oxionas
844 3806 871 3854 ln
894 3801 1049 3868 regionibus
1067 3777 1215 3852 Fiunorum
1233 3804 1405 3866 quaerendos
1429 3817 1490 3853 csse

353 3897 498 3962 oppinatur
515 3895 644 3952 Zcusaias
661 3903 796 3964 acuteque
813 3902 928 3949 monem·
937 3895 1147 3964 „Waa'lacitua
1166 3898 1210 3947 fflr
1221 3897 1307 3949 Fabel
1325 3897 1400 3963 halt,
1418 3899 1492 3962 aeigt

353 3991 411 4042 sloh
429 3993 506 4046 recht
523 3993 687 4046 varstandeu
705 3995 745 4046 als
758 3993 952 4046 erlrlichlrctt
968 3995 996 4046 iu
1014 3994 1063 4046 der
1076 3991 1275 4060 Pelakleidung
1292 3991 1342 4044 dar
1358 3991 1490 4045 Finnen.“

352 4087 371 4139 1.
389 4089 407 4140 1.
426 4101 454 4154 p.
472 4087 531 4140 ato.

440 4181 485 4250 ¹2⁸)
504 4181 656 4242 Gerana:
676 4184 847 4251 ,Salidioraa
859 4185 923 4240 oua
933 4183 1075 4238 Gallorum
1089 4199 1136 4239 rea
1153 4185 1248 4242 turae-
1257 4188 1491 4246 sammua-auolat

354 4280 433 4330 divus
457 4281 543 4332 lulius
565 4281 675 4334 uadit.“
711 4280 751 4332 Ot'.
776 4280 844 4348 Aur.
864 4283 909 4331 11:
942 4279 1056 4346 ,‚Gallos
1077 4293 1185 4346 quoquc
1209 4281 1237 4330 in
1261 4279 1342 4331 bellis
1366 4280 1490 4330 florulsaa

354 4377 536 4441 acceptuma“
567 4379 644 4440 Quae
661 4377 746 4431 verba
763 4384 889 4444 spectant
906 4379 979 4430 hunc
996 4376 1124 4432 Gomorra
1140 4379 1242 4429 locum:
1262 4376 1322 4444 „Ac
1339 4377 1393 4428 luit
1410 4381 1491 4449 autea

353 4478 470 4544 tempus,
488 4491 551 4528 cum
568 4479 718 4532 Germanos
737 4479 809 4532 Galli
826 4483 927 4533 virtute
945 4479 1125 4546 πορευθῶ(
1143 4476 1235 4548 (3υῦ
1253 4479 1305 4544 VI,
1321 4478 1381 4545 Ml
