3484 5374
1222 447 1293 564 σι’

132 677 195 751 tur,
223 689 305 752 qnos
333 689 412 734 mox
440 672 526 738 inter
552 691 588 736 se
611 670 792 738 secuudum
814 671 1037 758 dignationem
1058 674 1262 758 partiuntur‘

133 783 169 864 (c
190 783 253 866 26.)
272 779 332 866 ¹⁴⁸).
376 782 651 867 Unumquemque
679 793 804 850 certum
831 787 904 870 agri
932 784 1063 850 modum
1096 789 1264 871 accepisse

132 904 263 980 apparet
276 916 318 960 ex
331 917 358 962 c.
371 895 432 976 lit,
448 896 507 962 ubi
516 896 558 961 de
576 899 682 964 servis
699 896 837 984 legitur:
858 897 975 981 „Suam
989 901 1128 982 quisque
1141 897 1264 980 eedem,

131 1027 202 1072 suos
223 1014 359 1091 penates
390 1009 484 1093 regit.
528 1007 691 1072 flumem
722 1009 847 1074 modum
878 1009 1020 1073 dominns
1045 1018 1103 1074 out
1135 1013 1265 1095 pecoris

131 1127 184 1184 aut
204 1123 305 1186 vestis
327 1125 361 1184 ut
382 1120 489 1186 colono
502 1121 672 1202 talorum&
695 1121 813 1188 deinde
825 1141 869 1186 ex
885 1143 912 1186 c.
928 1120 986 1184 15:
1011 1121 1105 1199 „Mos
1117 1131 1168 1188 cst
1182 1124 1265 1185 civi-

130 1231 246 1296 tatibus
269 1231 353 1296 ultro
377 1251 417 1296 ac
432 1233 547 1296 vinum
568 1232 719 1298 conferre
743 1232 944 1317 principibus
966 1231 1021 1298 vel
1042 1241 1261 1298 armentorum

130 1342 181 1406 vel
200 1342 347 1428 frugum,
370 1342 459 1426 quod
481 1365 541 1427 pro
565 1343 690 1408 honore
711 1352 883 1428 acceptum
895 1345 994 1408 etiam
1013 1344 1264 1408 necessitatibus

130 1453 317 1534 subvenit“;
345 1451 487 1538 denique
517 1475 560 1518 ex
592 1475 619 1518 c.
644 1455 700 1517 16:
735 1452 878 1532 „Colunt
909 1453 1041 1518 discreti
1070 1475 1109 1518 ac
1132 1453 1264 1536 diversi,

130 1573 163 1628 ut
182 1565 271 1642 fons,
295 1574 330 1630 ut
354 1585 503 1650 campus,
534 1576 570 1630 ut
591 1585 705 1630 nemus
727 1565 881 1650 placuit.“
926 1565 993 1632 Sed
1019 1576 1156 1650 uterque
1177 1566 1264 1631 idem

130 1678 165 1742 dc
186 1695 290 1740 omaro
313 1697 458 1758 uotorum
479 1679 645 1742 tristudine
667 1676 797 1761 prodit3
820 1699 894 1742 uem
907 1675 1050 1743 Caesare
1072 1687 1157 1742 teste
1181 1699 1266 1760 „non

128 1789 253 1874 lougius
283 1810 368 1854 anno
397 1808 565 1855 remanere
598 1811 662 1854 uno
691 1792 723 1853 in
757 1789 829 1854 loco
859 1789 1022 1854 incolendi
1046 1811 1146 1855 causa
1167 1790 1263 1854 licet“

129 1899 184 1984 (B.
206 1899 246 1963 G.
269 1897 331 1981 1v‚
356 1899 419 1982 1.);
455 1903 664 1986 mogioiratus
694 1922 733 1965 sc
760 1903 924 1987 principes
955 1921 1066 1983 „anno
1095 1908 1170 1985 post
1199 1900 1265 1965 olio

127 2011 263 2076 transire
292 2010 437 2096 cogunt“
470 2009 549 2094 (Vl,
572 2013 647 2093 22.)
691 2010 846 2077 Similiter
875 2010 1028 2076 Tacitus:
1062 2011 1178 2093 „Arva
1207 2031 1267 2096 per

126 2143 228 2188 annos
249 2130 393 2203 mutant,
416 2131 450 2188 et
472 2131 624 2207 superest
634 2129 734 2206 ager“
758 2123 800 2208 (n.
813 2125 877 2204 26).
900 2123 975 2188 Hoc
989 2133 1098 2188 tamen
1114 2121 1265 2188 animad-

128 2235 317 2298 vertendum
342 2243 407 2311 est,
437 2234 544 2300 Taciti
573 2243 682 2300 aetate
704 2237 791 2298 iutra
812 2243 922 2298 certos
943 2235 1026 2298 fines
1048 2234 1090 2298 nb
1103 2221 1266 2298 'universe

126 2348 236 2432 aliqua
254 2355 353 2434 gente
369 2354 467 2410 antea
486 2355 663 2432 occupatos
676 2367 813 2412 annuam
826 2344 913 2409 illum
936 2367 1086 2432 agrorum
1109 2349 1266 2412 mutatio-

126 2479 199 2521 nem
222 2460 447 2532 intercessisse
463 2457 523 2542 149).
547 2457 630 2524 Rem
653 2460 701 2522 sic
720 2460 849 2544 accipe:
873 2465 960 2522 terra
979 2456 1063 2522 ndeo
1085 2457 1151 2522 late
1173 2467 1266 2543 patet

127 2571 350 2654 (mamporum
373 2570 480 2652 sputis
500 2568 692 2633 facilitatem
714 2567 877 2654 partiendi
900 2568 1079 2652 praebent“
1169 2590 1266 2648 „oum

125 2761 272 2770 --·=u-···‹-—»0
287 2763 311 2769 --.
322 2761 369 2770 ...ι’
385 2761 419 2770 ..u
430 2755 473 2770 ..m-3
529 2760 586 2770 ua...
601 2761 610 2770 μ
623 2759 688 2770 ---n0
713 2763 717 2768 .
730 2763 746 2768 -
784 2763 800 2768 --
822 2761 862 2768 -n-
877 2761 949 2768 -.—--
966 2761 1076 2768 --—---·-
1093 2761 1264 2768 --n-n--n--u--n-

214 2877 257 2943 ¹⁴⁸)
275 2875 367 2930 Danu.
391 2880 409 2927 l.
433 2879 450 2927 l.
478 2895 506 2944 p.
524 2881 548 2928 3.
573 2883 678 2929 annot:
707 2877 774 2933 „Dio
800 2878 1082 2944 hundertuudillnizig
1100 2879 1197 2944 Jahre,
1224 2880 1267 2929 die

123 2973 264 3023 zwiechen
282 2971 385 3024 Caesar
402 2973 457 3022 und
476 2973 588 3023 'l'ncitus
606 2972 711 3038 liegen,
730 2973 819 3022 haben
837 2973 924 3023 hierio
943 2971 1063 3023 offenbnr
1081 2987 1175 3038 grosse
1192 2974 1267 3025 Ver-

124 3067 302 3132 anderungen
320 3068 463 3132 geschen.“
481 3091 493 3119 ι,

213 3162 258 3227 ι“)
277 3159 363 3229 Sylol.
380 3163 399 3212 l.
411 3164 429 3214 l.
448 3163 568 3226 p.6sq.:
587 3161 705 3226 „Caesar
722 3161 854 3214 achildem
871 3165 951 3214 eluen
966 3161 1121 3228 jihrliohen
1135 3161 1267 3213 Wechnel

120 3257 199 3308 nicht
216 3257 292 3308 bloss
310 3260 336 3306 in
355 3256 472 3322 derArt,
491 3257 554 3308 daos
573 3257 617 3308 die
633 3260 777 3322 grdssercn
789 3256 956 3308 Gemeindsn
968 3254 1089 3322 (gentes)
1109 3271 1183 3308 nwar
1199 3273 1267 3308 ver·

121 3351 236 3400 buudeu
254 3350 372 3415 hiemen,
391 3351 456 3400 eber
474 3351 544 3401 uach
564 3350 725 3400 Jehresiriet
743 3365 777 3400 nn
797 3353 883 3401 ciuem
903 3351 1004 3401 andern
1023 3348 1089 3401 Orte
1107 3351 1267 3402 wohneu-

120 3439 248 3495 sondem'
267 3445 315 3496 der
331 3444 464 3496 Weelrsel
493 3444 541 3495 der
563 3445 730 3496 bandereien
757 3445 846 3511 dringt
871 3446 940 3496 anch
963 3449 998 3496 'in
1023 3445 1075 3497 das
1096 3446 1193 3498 quere
1220 3449 1268 3500 der

119 3539 294 3590 Gemeinden
312 3541 364 3604 ein,
381 3538 436 3590 und
452 3539 518 3603 jede
535 3541 688 3591 natllrliche
706 3541 820 3591 Familie
839 3539 992 3616 (cognatio)
1012 3541 1100 3592 erhilt
1117 3541 1187 3592 uach
1207 3541 1268 3594 dom

119 3633 244 3684 Ablauie
272 3630 441 3686 desineres
468 3636 546 3686 emon
573 3647 661 3686 neuen
685 3634 859 3686 Wohmitz.u
894 3635 933 3685 lb.
959 3650 985 3699 p.
1004 3638 1035 3687 8:
1066 3635 1132 3691 „Ber
1156 3637 1268 3688 Tacitus

118 3729 239 3793 soheint‚
257 3743 317 3778 was
335 3727 378 3778 die
393 3727 688 3792 j'ahrlichonWechael
707 3729 819 3794 betrifft,
838 3729 909 3779 auch
928 3729 972 3781 die
990 3729 1140 3782 Ruckueht
1158 3731 1267 3782 nuidis

117 3827 192 3872 stete
217 3821 275 3871 sich
299 3819 434 3870 inderndc
453 3821 521 3872 Zahl
544 3820 593 3870 der
609 3820 736 3872 Bebauer
759 3822 814 3871 und
841 3821 884 3871 die
912 3827 982 3872 stets
1008 3823 1096 3885 gleich
1124 3822 1268 3873 bleibendc

117 3915 306 3966 Bodenll'ache
322 3915 530 3966 nuverkeunbar
550 3914 643 3966 durch.
679 3915 755 3966 Well
774 3915 836 3965 kein
854 3914 923 3966 Juhr
948 3916 1017 3966 ohne
1044 3916 1135 3966 solche
1154 3915 1267 3966 Aende·

117 4025 231 4075 rungen
249 4009 377 4075 vergeht,
404 4007 473 4059 wird
491 4012 519 4058 in
534 4009 628 4073 jedem
646 4009 730 4060 Jahrc
753 4008 803 4060 der
826 4010 917 4060 Besitz
942 4025 995 4060 neu
1020 4010 1150 4075 geregelt.
1186 4010 1268 4062 Sonat

116 4107 262 4156 erecheint
291 4104 336 4156 bei
359 4105 389 4154 Τ.
415 4103 563 4170 aliendiugs
587 4105 672 4154 sehon
700 4109 826 4169 grossere
849 4104 997 4169 Stetigkeit
1022 4105 1063 4154 uls
1090 4105 1135 4156 bei
1158 4103 1267 4156 Caesar.

115 4200 172 4250 Die
192 4199 361 4251 Gemeindeu
379 4200 455 4262 sind,
484 4199 524 4248 nit
548 4201 574 4250 iu
592 4199 845 4264 Ddriernuereint,
873 4202 927 4252 ieet
950 4215 994 4250 cm
1012 4198 1079 4250 Orto
1098 4235 1104 4249 .
1124 4235 1130 4247 .
1149 4215 1175 4262 ,ς
1203 4200 1268 4250 aber

115 4295 266 4346 innerhalb
291 4295 339 4346 der
363 4294 529 4344 Gerneindeu
555 4294 641 4345 bleibt
665 4295 714 4344 das
740 4295 839 4345 Geseta
865 4295 913 4345 des
933 4294 1088 4358 jihrllehen
1112 4294 1268 4361 weelnere,

115 4405 204 4440 wenn
223 4390 294 4441 auch
311 4391 383 4440 nach
400 4403 513 4439 unserer
530 4387 660 4453 Moiuung
683 4403 734 4440 nur
757 4389 798 4440 als
823 4390 1012 4453 facultatium,
1038 4391 1065 4438 in
1084 4387 1190 4438 Kralt.“
1226 4387 1267 4438 Ol.

114 4481 215 4536 Zenes.
235 4483 252 4534 l.
270 4482 287 4532 l.
306 4497 331 4547 p.
352 4483 384 4532 52
402 4497 459 4547 sqq,
