3446 5380
1320 547 1381 635 115

245 745 342 830 paulo
365 746 500 809 inferius
524 745 606 808 haec
628 745 727 810 Sunio
757 743 917 825 dicit³'⁰):
954 744 1159 826 ,Besonders
1184 745 1317 829 wichtig
1339 747 1383 808 ist

245 856 298 920 die
311 855 590 940 Wahrnehmung,
614 854 691 919 dass
707 876 802 918 wenn
813 855 1014 939 Pomponius
1030 858 1062 918 in
1078 858 1186 920 seiner
1204 855 1380 940 descriptio

245 970 493 1053 magistratuum
517 966 580 1030 den
599 968 805 1046 Quaestoren
827 968 896 1030 ihre
907 966 1009 1043 Stelle
1032 970 1171 1031 anweist
1192 967 1295 1030 nach
1319 966 1382 1031 den

245 1081 365 1144 tribuni
387 1079 453 1143 und
475 1079 600 1144 aediles
621 1079 727 1163 plebis
751 1079 817 1142 und
839 1099 912 1141 vor
935 1078 1109 1143 deaniri
1131 1078 1194 1163 leg.
1217 1078 1322 1158 scrib,
1347 1099 1382 1142 er

246 1191 342 1256 dabei
371 1193 454 1255 nicht
483 1192 578 1256 sowol
606 1193 654 1255 dia
677 1191 947 1272 Obroootopia
970 1193 1016 1254 als
1037 1192 1182 1254 eietmcbr
1204 1193 1253 1254 die
1270 1189 1382 1255 Varro-

244 1305 348 1368 niscbe
367 1303 680 1384 Zaaommenstellmap
702 1304 758 1366 der
779 1303 1162 1386 repabtibooa'scben
1184 1302 1383 1384 Mupa'strutus

245 1416 301 1499 (of.
325 1413 409 1480 Geli.
431 1415 530 1497 XIII,
556 1418 604 1478 12.
630 1417 683 1499 13)
706 1416 965 1501 bertieksichtigt
987 1415 1101 1480 habe.“

330 1525 488 1592 Videmus
515 1529 615 1612 igitur
646 1527 821 1592 Sanionem
857 1529 989 1590 summis
1025 1527 1148 1591 viribus
1181 1527 1300 1607 obniti,
1341 1547 1382 1590 ne

244 1641 458 1724 Pomponium
481 1647 665 1724 temporum
687 1643 804 1706 scriem
828 1640 1022 1706 observasse
1044 1641 1203 1721 fateatur3
1227 1662 1266 1704 ac
1283 1637 1383 1702 debet

244 1773 323 1816 sane
346 1752 457 1816 obniti.
501 1751 586 1816 Nam
609 1752 826 1836 simulatque
849 1761 1032 1836 temporum
1054 1755 1213 1816 rationem
1236 1775 1255 1816 a
1279 1751 1382 1816 Pom-

244 1866 342 1948 ponio
364 1885 443 1929 vere
466 1865 646 1929 exhibitam
675 1866 829 1945 facimus,
851 1864 958 1928 Taciti
986 1863 1078 1928 locus
1106 1886 1178 1928 cum
1200 1865 1381 1948 Pomponio

243 1978 307 2038 iam
329 1975 418 2038 nullo
441 1984 539 2059 pacto
563 1975 728 2040 conciliari
748 1979 880 2060 poterit.
924 1975 1058 2041 Tacitus
1082 1977 1165 2040 enim
1189 1985 1381 2059 quaestores

244 2106 357 2171 regum
388 2093 496 2150 aetate
527 2090 693 2152 institutos
725 2109 798 2152 esse
828 2089 949 2170 refert,
982 2091 1182 2174 Pomponius
1216 2111 1273 2154 eos
1303 2093 1382 2174 'post

244 2195 368 2262 aediles
389 2196 495 2281 piebis
518 2200 672 2263 nominat.
1270 2269 1274 2278 ,

331 2307 398 2374 Sed
422 2313 570 2392 quamvis
592 2321 755 2397 repugnet
778 2311 892 2392 Sanio,
924 2320 1033 2376 tamen
1055 2313 1088 2374 in
1110 2312 1272 2395 Pomponii
1286 2313 1380 2392 frop-
1433 2373 1437 2382 ,

244 2425 345 2484 mento
368 2426 505 2504 temporo
528 2423 684 2486 observari
705 2430 741 2486 ut
763 2430 953 2504 statuamus,
977 2432 1010 2487 et
1027 2425 1202 2486 internisut
1218 2425 1263 2486 ita
1276 2422 1380 2486 dicam

245 2538 280 2595 et
302 2533 436 2595 aeternis
459 2535 565 2596 causis
589 2533 757 2618 adigimur.

191 2634 193 2638 ’
331 2641 400 2707 Iam
425 2647 508 2708 enim
531 2646 625 2710 titulo
647 2645 704 2709 illo
726 2650 759 2709 in
782 2646 918 2733 digestis
944 2649 1000 2729 ,de
1024 2649 1139 2730 criptae
1160 2649 1269 2728 iuris“,
1290 2647 1380 2710 cuius

245 2754 429 2820 illustrandi
451 2777 549 2821 causa
571 2779 613 2822 ex
627 2759 808 2844 Pomponio
831 2761 923 2824 locus
947 2769 1123 2845 excerptus
1147 2767 1207 2841 est,
1231 2759 1272 2823 ad
1294 2767 1381 2823 tern-

244 2888 360 2951 porum
391 2870 550 2933 rationem
583 2868 787 2952 adducimur,
823 2879 856 2935 et
884 2871 1035 2954 profecto
1063 2872 1262 2956 Pomponius
1290 2872 1381 2934 initio

244 2978 330 3057 illius
361 2981 535 3067 fragmenti
568 2981 609 3045 de
641 2984 766 3067 origine
796 2989 829 3047 ct
857 3003 1013 3066 processu
1041 2985 1120 3046 iuris
1149 2985 1194 3045 ita
1227 2985 1309 3068 agit,
1345 2990 1382 3047 ut

244 3101 393 3176 tempora
415 3095 569 3178 respiciat
592 3092 639 3178 ἐξ.
664 3095 776 3156 1-12.
821 3094 914 3158 Haec
935 3095 1025 3178 prior
1046 3115 1123 3179 pars
1146 3092 1308 3157 inducitur
1330 3094 1380 3159 his

244 3204 370 3267 verbis:
397 3208 635 3288 ,necessarium
658 3207 768 3288 itaque
790 3206 884 3270 nobis
907 3205 1037 3269 videtur
1059 3207 1161 3290 ipsius
1184 3207 1261 3268 turta
1283 3208 1380 3288 oripi-

243 3333 313 3378 nem
346 3322 380 3380 et
407 3335 587 3399 processum
620 3316 880 3382 demonstrare.“
940 3318 1013 3396 Quo
1046 3319 1135 3382 facto
1169 3316 1212 3380 ad
1244 3316 1380 3382 alteram

243 3435 368 3512 partem
391 3426 418 3512 ἓ.
443 3429 483 3492 13
506 3449 578 3515 sqq.
600 3429 737 3510 accedit,
761 3450 858 3513 quarn
880 3432 927 3494 sic
950 3429 1135 3494 exorditur:
1161 3437 1255 3514 ,post
1279 3431 1380 3515 origi-

243 3561 316 3605 nem
347 3544 426 3606 iuris
455 3551 488 3606 et
518 3561 708 3626 processum
730 3545 901 3637 cognitum
939 3563 1144 3625 consequens
1171 3550 1237 3623 est,
1270 3551 1306 3606 ut
1338 3542 1380 3607 de

242 3655 476 3734 mopistmtuum
496 3654 680 3718 nominibus
703 3662 737 3718 ct
764 3656 880 3736 origam
903 3655 1167 3740 cognoscamus.“
1214 3655 1380 3739 Deinceps
1406 3661 1409 3668 '

242 3767 312 3850 agit
334 3763 375 3828 de
403 3766 554 3851 regibus,
588 3766 718 3830 tribuno
747 3767 906 3847 celerum,
941 3766 1144 3848 consulibus,
1178 3766 1378 3845 censoribus,

242 3876 475 3958 dictatoribus,
508 3880 663 3961 magistro
693 3862 856 3961 equitum,
897 3879 1033 3943 tribunis
1062 3879 1184 3963 plebis,
1219 3877 1379 3942 aedilibus

242 3987 359 4073 plebis,
382 3990 610 4071 quaestoribus
632 3993 766 4068 aerarii,
789 3993 1018 4074 quaestoribus
1041 3991 1222 4075 parricidii,
1245 3990 1379 4053 decern-

242 4103 331 4183 viris,
353 4102 491 4166 tribunis
513 4103 660 4183 militum,
684 4101 845 4167 aedilibus
868 4103 1043 4184 curulibus,
1067 4111 1220 4188 praetore
1242 4103 1378 4184 urbano,

244 4220 394 4296 praetore
417 4217 591 4299 peregrino
606 4223 667 4278 etc.
690 4236 796 4298 usque
819 4214 860 4279 ad
883 4216 1085 4300 praefectum
1109 4215 1190 4295 urbi,
1215 4217 1270 4298 qui
1291 4222 1379 4278 tam·

242 4346 339 4408 quam
362 4326 518 4390 suffectus
541 4330 751 4413 magistratus
775 4328 887 4393 ultimo
910 4327 982 4392 loco
1005 4330 1196 4395 nominatur.

423 4489 728 4496 -.—--.-..--.-—.-..-.-.
917 4489 998 4494 ---.--
1207 4485 1371 4494 ...mauu-„—

329 4569 374 4634 810)
392 4570 422 4621 u.
442 4570 459 4619 1.
477 4585 503 4636 p.
522 4571 564 4620 ec.
