3530 5374
367 495 409 559 36

452 668 504 733 Ac
527 669 568 734 de
585 668 773 734 Britanniae
789 669 898 749 formo
920 677 975 732 ant
962 668 1230 734 teTacitumt
1173 677 1230 736 vet
1231 691 1320 734 erum
1339 671 1507 756 opiniones

366 779 576 844 admodum'
568 789 671 844 mcert
672 802 711 844 ae
742 790 775 844 et
796 781 996 885 plerumque
1010 781 1116 846 falsae
1139 792 1248 863 στοαῖς
1278 805 1353 847 nam
1382 805 1422 847 ne
1444 783 1507 846 hoo

329 869 350 978 N,
366 891 496 976 quidem
527 895 611 956 iuter
642 913 699 956 eos
730 891 920 972 constabat,
956 901 1062 955 utrum
1094 913 1155 977 pro
1185 895 1350 957 continenti
1376 895 1419 957 an
1446 915 1506 977 pro

364 1004 467 1067 insula
497 1003 648 1068 habenda
680 1012 778 1068 esset.
824 1003 1028 1086 Quamquam
1061 1006 1146 1068 enim
1178 1005 1342 1088 Pytheas,
1373 1004 1506 1085 Caesar,

364 1115 548 1197 Diodorus,
572 1115 707 1195 Strabo,
731 1112 838 1194 Mela,
861 1114 986 1178 Plinius
999 1114 1197 1178 Britanniam
1216 1137 1346 1201 semper
1367 1117 1505 1180 insulam

364 1227 547 1311 appellant,
577 1235 687 1290 tamen
715 1228 761 1290 ita
788 1248 857 1290 rem
887 1246 923 1289 se
946 1226 1067 1292 habere
1090 1226 1267 1312 Agricolae
1291 1227 1419 1291 demum
1443 1250 1506 1292 ex-

363 1337 531 1423 peditione
560 1339 733 1424 probatum
764 1346 815 1402 est
829 1338 880 1420 ⁷⁵).
925 1337 1132 1421 Triquetram
1163 1360 1237 1403 esse
1267 1339 1355 1402 illam
1385 1350 1505 1403 terram

367 1449 483 1514 Caesar
505 1451 557 1534 (B.
580 1449 620 1514 G.
644 1450 686 1532 V,
711 1450 791 1534 lu),
820 1451 977 1514 Diodorus
999 1450 1054 1533 (V,
1079 1450 1161 1532 ib),
1192 1450 1302 1516 Strabo
1325 1451 1398 1535 (IV,
1422 1453 1451 1528 5,
1477 1455 1505 1515 l.

363 1585 394 1647 p.
419 1561 522 1645 199.‚)
546 1562 629 1625 Metu
658 1561 739 1644 (Ill,
763 1563 805 1642 6.)
830 1563 1077 1644 existimabant3
1109 1584 1148 1627 ac
1171 1562 1336 1627 Diodorus
1361 1570 1394 1626 et
1416 1561 1505 1626 Mela

362 1673 500 1738 insulam
535 1677 677 1738 maxime
707 1673 838 1739 Siciliae
869 1673 1004 1737 similem
1042 1695 1114 1737 esse
1150 1673 1355 1738 addiderunt.
1400 1673 1505 1736 Liuius

363 1789 528 1848 autemet
515 1781 668 1847 tFoln‘us
691 1785 836 1846 Rusticus
857 1784 995 1846 formam
1019 1785 1109 1846 totius
1131 1783 1319 1848 Britanniae
1343 1783 1503 1870 oblongae

362 1895 510 1960 scutulae
534 1895 589 1959 vel
610 1895 742 1980 bipenni
765 1895 1064 1979 adsimulavere⁷⁶).
1099 1895 1167 1962 Sed
1190 1898 1251 1962 hos
1271 1916 1404 1980 quoque
1422 1895 1503 1958 duos

362 2015 515 2071 auctores
537 2007 622 2071 benc
646 2006 944 2092 corrrgrtTao1tus,
969 2008 1097 2092 qualem
1119 2011 1205 2074 euim
1222 2008 1408 2072 Britanniae
1431 2008 1503 2071 for-

362 2139 447 2180 mam
469 2117 713 2182 tribuerinttot
714 2118 863 2198 i‚talem
884 2140 957 2183 esse
976 2121 1053 2182 citra
1068 2117 1282 2198 Caledoniam,
1306 2118 1392 2183 unde
1415 2127 1449 2182 et
1471 2121 1502 2180 in

361 2231 549 2294 universum
575 2231 695 2294 famam
719 2252 809 2295 esse:
840 2230 936 2296 sed
927 2253 1118 2294 1mmensum
1147 2240 1180 2295 et
1208 2253 1339 2295 enorme
1363 2234 1501 2315 spatium

358 2343 607 2424 procurrentium
636 2352 785 2408 extremo
815 2345 880 2406 iam
908 2343 1005 2406 litore
1036 2350 1190 2406 terrorum
1217 2344 1298 2406 uelut
1318 2345 1352 2404 tu
1375 2361 1503 2405 cuneum

362 2456 483 2516 tenuari
505 2453 599 2540 (Agr.
624 2456 696 2537 10..)
733 2455 808 2518 Ηοο
830 2454 903 2519 loco
925 2457 1030 2539 primo
1052 2464 1237 2518 accuratam
1260 2473 1437 2537 veramque
1462 2453 1502 2516 de

361 2565 609 2647 septentrionali
631 2564 757 2630 insulae
779 2573 873 2649 parte
897 2587 954 2629 sen
956 2568 1089 2629 tentiam
1113 2565 1303 2674 invenimus.
1366 2601 1371 2610 v

448 2700 578 2765 Deinde
594 2702 684 2764 situm
696 2701 883 2767 Britanniae
896 2702 991 2768 Tacit
978 2711 1030 2767 tus
1053 2706 1099 2765 ita
1122 2665 1291 2766 describit:
1317 2701 1407 2786 Brit
1394 2705 1504 2764 tannia

361 2821 435 2896 spat
436 2813 468 2876 io
491 2833 530 2876 ac
552 2811 693 2878 coelom
711 2815 869 2876 orientem
881 2811 1124 2896 Germaniae,
1115 2836 1148 2877 m
1161 2813 1311 2882 occident
1298 2822 1362 2878 tem
1376 2813 1503 2898 Hispa-

360 2925 433 2987 niae
445 2922 645 3004 obtenditur,
667 2921 773 2988 Gallis
795 2927 828 2988 in
850 2924 1016 2989 meridiem
1039 2927 1136 2990 etiam
1158 2927 1344 3011 inspicitur3
1367 2933 1503 3010 septen-

359 3033 510 3099 trionalia
533 3037 618 3116 eius,
640 3034 739 3099 nullis
762 3043 875 3101 contra
897 3040 1011 3117 terris,
1042 3045 1137 3101 vasto
1160 3045 1260 3120 atque
1282 3045 1398 3122 aperto
1421 3021 1524 3097 mari

359 3145 549 3229 pulsantur“
574 3146 667 3232 (Agr.
695 3147 767 3230 10.).
802 3146 857 3210 Ex
880 3149 931 3212 his
953 3148 1064 3224 verbis
1086 3155 1193 3232 patet,
1217 3158 1361 3212 nostrum
1385 3155 1502 3210 aucto·

358 3277 427 3320 rem
457 3259 490 3319 iu
520 3258 658 3322 eundem
683 3281 825 3324 errorem
857 3259 1010 3324 incidisse
1032 3270 1131 3342 atque
1157 3280 1229 3339 eos,
1263 3261 1318 3342 qui
1341 3267 1437 3322 antea
1460 3257 1501 3320 de

361 3467 537 3474 ...Q-..-
563 3469 684 3476 «-.-..-....-.
1001 3465 1356 3474 ...ι-..μ-μ--ῲ-ο---ι-...η-
1367 3465 1499 3474 *μη-...-

429 3598 459 3666 π)
483 3599 548 3665 Agr.
561 3603 605 3649 10:
625 3601 718 3652 „Tune
736 3603 850 3664 primum
863 3599 985 3650 Romana
1004 3601 1100 3650 classis
1120 3600 1235 3652 insulam
1255 3615 1315 3650 esse
1333 3600 1500 3652 Britanniam

316 3677 318 3680 ¹
360 3691 520 3743 adfirmavit.
557 3692 598 3743 Gi.
627 3690 701 3745 Gaas.
726 3691 785 3744 Dio
808 3693 952 3758 XXXIX,
978 3693 1027 3744 50:
1070 3694 1147 3758 „Teia
1174 3687 1216 3763 ρὲν
1239 3691 1304 3744 πάνυ
1328 3691 1436 3765 πρώτοις
1459 3691 1500 3746 καὶ

355 3782 484 3859 Ἑλλήνων
508 3781 550 3837 καὶ
564 3782 697 3859 Ῥωμαίων
716 3781 767 3838 οὐδ’
786 3779 903 3839 ὅτι-ἔστιν
923 3784 1097 3860 ἐγιγνώσκετο,
1122 3795 1174 3845 τοῖς
1198 3783 1224 3838 δὲ
1250 3783 1334 3839 ἔπειτα
1357 3783 1383 3844 ἐς
1407 3785 1499 3861 dpute-

358 3876 460 3952 βὴτησιν
484 3876 534 3932 εἴτε
556 3878 660 3954 ἤπειρος
683 3878 732 3932 εἴτε
755 3877 796 3934 καὶ
821 3891 894 3956 νῆσος
918 3878 956 3956 εἴη
982 3877 1096 3954 ἀφίκετο·
1120 3877 1161 3934 καὶ
1186 3881 1289 3940 πολλοῖς
1314 3881 1351 3955 ἐρ’
1375 3881 1499 3956 ἑκάτερον,

268 4007 273 4014 ·
359 3970 436 4026 εἰδόσι
454 3973 497 4046 μὲν
515 3971 587 4027 οὐδὲν
605 3971 647 4028 ἅττ
665 3973 719 4051 μήτ’
738 3973 872 4033 adrianae:
890 3974 944 4051 μήτ’
963 3973 1095 4051 αὺιηιτόοις
1112 3987 1162 4028 τῶν
1190 3973 1334 4050 ἐπιχωρίων
1351 3977 1498 4052 γινομένοις,

356 4068 554 4142 τεκμαιρομένοις
577 4066 603 4120 δὲ
629 4070 664 4128 u'r
688 4066 785 4122 ἕκαστοι
809 4070 902 4146 σχολῆς
926 4067 941 4146 ἦ
966 4067 1008 4124 καὶ
1032 4067 1175 4144 φιλολογίας
1199 4067 1281 4143 εἶχον,
1307 4071 1498 4146 συγγέγραπται.

357 4161 488 4235 προϊόντος
506 4161 533 4215 δὲ
548 4172 594 4216 τοῦ
617 4160 726 4236 χρὸνον,
750 4160 872 4237 πρότερὸν
895 4183 922 4216 τι
947 4163 984 4217 ἐπ’
1003 4162 1152 4238 Ἀγρικὸλου
1176 4163 1368 4240 ἀντιστρατήγου
1393 4163 1434 4218 καὶ
1456 4175 1499 4218 νῦν

358 4253 399 4308 ἐπὶ
417 4255 545 4332 Σιονήροο
565 4252 748 4330 αὐτοκράτορος
766 4266 840 4331 νῆσος
859 4257 923 4310 οὖσα
942 4256 1114 4334 ὲλήλτγκται.“

427 4379 461 4446 ⁷⁸)
485 4379 550 4445 Agr.
577 4383 616 4430 10.
658 4379 790 4432 scutulae
821 4386 849 4432 at
878 4382 1002 4446 bipennis
1031 4383 1161 4446 imagines
1188 4381 1250 4434 vide
1277 4381 1350 4446 apud
1373 4381 1497 4434 Weut'um

356 4489 382 4540 p.
406 4475 464 4524 246.
